4740 6600
820 738 971 801 ACTUS
990 737 1343 801 APOSTOLORUM.

893 909 929 959 u.
941 908 1031 959 namt.
1043 909 1075 959 n.
1083 909 1106 959 1.
1119 919 1141 973 7,
1156 909 1217 959 Ma.
1230 918 1253 972 7.

267 1220 334 1281 LX.
353 1219 766 1298 DesperantensoeiosPaulus
818 1221 898 1282 LXI.
922 1221 1079 1284 Demorsu
1093 1227 1270 1303 serpentiset
1280 1227 1317 1287 de
1369 1219 1403 1281 L·
1425 1221 1471 1280 De
1491 1222 1575 1300 paule
1596 1222 1736 1285 fractione
1754 1225 1784 1283 in
1799 1225 1868 1285 naui

307 1317 450 1393 AngeiIeo
485 1314 595 1375 solatur
627 1312 764 1374 oraculo:
857 1326 937 1395 patre
954 1319 1035 1395 publi
1056 1318 1184 1379 febribus
1197 1320 1317 1382 liberato
1410 1326 1477 1393 post
1491 1327 1671 1394 tempestate.

306 1412 356 1487 qui
392 1411 430 1470 ad
467 1409 647 1488 praedictum
681 1408 764 1480 illius,
857 1421 886 1470 et
900 1411 1028 1472 aduentu
1042 1414 1120 1490 pauli
1134 1415 1276 1492 puteolos.

307 1516 411 1581 quarta
436 1506 551 1566 declina
575 1505 622 1565 die
646 1504 764 1581 perditis

307 1601 395 1658 rebus
443 1599 587 1671 omnibus,
635 1599 764 1658 euadunt

306 1694 404 1752 cuncti
418 1694 456 1754 ad
471 1704 586 1753 terram.

266 1785 348 1846 LXI.
370 1786 477 1847 Paulus
501 1788 531 1846 iu
556 1785 656 1846 Melite
679 1786 761 1846 inua·
1369 1783 1417 1845 LI.
1439 1783 1546 1845 Paulus
1566 1795 1713 1845 sarmenta
1726 1786 1867 1866 colligens

308 1880 426 1941 dentem
453 1901 485 1942 se
519 1883 650 1958 ulperam
677 1882 762 1941 iactat
1407 1880 1508 1955 ulpera
1535 1897 1656 1938 manum
1683 1880 1746 1940 eius
1768 1924 1777 1942 .
1802 1899 1866 1940 mo-

305 1976 336 2034 iu
359 1976 475 2036 Iocum:
498 1995 533 2037 ac
550 1986 661 2055 patrem
681 1975 762 2034 Prin·
1408 1973 1524 2032 mordit.

304 2071 378 2148 cipis
405 2070 515 2130 insulae
540 2089 559 2131 a
581 2071 708 2130 febribus
733 2080 761 2129 et

303 2163 455 2226 disenteria
469 2167 567 2226 saluar.

1367 2338 1432 2398 LII.
1454 2339 1560 2401 Paulus
1581 2342 1659 2418 publi
1669 2339 1713 2422 (in
1728 2363 1787 2402 ras.
1795 2341 1866 2424 scr.)

1407 2443 1516 2509 patrem
1530 2437 1641 2494 curauit
1655 2455 1673 2494 a
1686 2435 1774 2496 febre.

815 2526 910 2587 LXII.
942 2527 988 2589 De
1016 2529 1061 2590 his
1088 2531 1218 2608 quaein
1241 2533 1312 2593 urbe
1366 2524 1447 2585 LIII.
1469 2526 1551 2586 Pauli
1566 2530 1714 2605 nauigatIo
1729 2531 1759 2588 iu
1775 2530 1865 2592 silicia

855 2641 938 2683 roma
952 2635 1020 2684 sunt
1037 2634 1108 2685 acta„
1405 2618 1472 2698 (sic)
1487 2621 1592 2680 deinde
1603 2622 1738 2699 puteolos
1758 2621 1864 2705 (lus‘)

1405 2714 1473 2773 inde
1484 2715 1515 2772 ln
1525 2715 1604 2774 italia
1613 2729 1643 2775 et
1657 2735 1765 2777 romae.

262 2808 361 2872 LXII.
382 2809 475 2882 Idem,
490 2809 595 2888 hyeme
606 2820 760 2885 transacta,

303 2905 462 2983 Syracusas
472 2922 540 2966 cum
551 2905 760 2978 suis,acPute·

300 2999 355 3060 olis
364 2999 495 3076 peruenit
505 3015 512 3056 :
524 2998 633 3076 quique
640 2999 691 3059 ubi
700 2999 760 3060 Ro-

302 3112 384 3152 mam
398 3093 567 3170 Ingreditur,
581 3111 649 3152 cum
664 3105 760 3154 custo·

301 3189 400 3248 diente
440 3205 473 3246 se
515 3187 605 3248 milite
640 3206 759 3248 manere

300 3282 480 3359 permittitur.

260 3374 373 3435 LXIII.
401 3376 494 3449 Idem,
523 3378 693 3437 conuocatis
720 3378 758 3437 ad

301 3489 333 3530 se
343 3471 445 3547 primis
459 3470 643 3542 Iudaeorum,
657 3491 709 3531 cur
722 3474 758 3531 sit

845 2885 943 2934 Subur.
954 2886 1090 2951 expliciunt
1101 2889 1218 2954 capitula.
1397 2884 1496 2934 Subscr-
1509 2883 1596 2937 finiwl
1607 2886 1725 2952 capitula·

300 3565 443 3625 adductus
462 3566 584 3625 edocet:
606 3578 636 3627 et
651 3578 758 3627 statuto

299 3660 346 3719 die
369 3659 499 3737 pluribus
525 3660 563 3719 ad
585 3678 616 3719 se
637 3661 757 3720 uenIen-

298 3755 374 3815 tibus
391 3754 428 3813 de
448 3753 505 3813 lide
527 3754 594 3813 lesu
615 3755 737 3832 exponit
747 3774 756 3827 ;

298 3865 479 3925 manensque
501 3848 621 3908 biennIo
643 3850 674 3907 in
702 3867 755 3909 suo

297 3942 451 4011 conducto,
486 3942 622 4002 omnibus
656 3942 693 4001 ad
723 3960 754 4002 se

298 4036 471 4095 intrantibus
519 4052 641 4112 regnum
697 4034 754 4094 Dei

295 4128 449 4207 praedicat.

287 4297 389 4350 Subscr.
399 4297 535 4362 expliciunt
546 4297 664 4363 capitula„

288 4469 370 4519 Notas
380 4469 417 4517 ad
423 4469 487 4518 codd.
500 4469 528 4518 M
539 4478 583 4520 etc.
616 4469 677 4518 LXI
688 4470 747 4532 (LX
759 4469 787 4519 M
799 4470 898 4532 namt,
911 4468 1013 4520 LVIIII
1024 4469 1109 4538 Men).
1127 4471 1208 4537 publii
1218 4471 1319 4534 Βακὰ,
1330 4471 1411 4536 buplii
1424 4472 1462 4524 Μ.
1527 4475 1643 4541 puteolus
1654 4478 1716 4527 Met.

288 4534 365 4584 LXII
378 4535 449 4600 (LXI
461 4534 491 4585 M
502 4534 602 4597 Βακὰ,
615 4535 661 4585 Lx
672 4536 745 4600 Mei.)
757 4551 806 4601 qne
816 4536 906 4589 namt.
