4740 6600
788 707 938 772 ACTUS
958 704 1309 770 APOSTOLORUM.

891 839 1054 928 eamear.
1069 885 1093 939 7,
1103 875 1165 926 rra.
1179 886 1202 938 7.

247 1198 318 1259 XII.
340 1196 532 1275 Multiplicato
542 1195 746 1273 discipulorum
797 1195 864 1255 XV.
896 1197 943 1256 De
970 1205 1083 1274 septem
1113 1195 1296 1272 dispensato-

287 1310 420 1364 numero,
435 1302 546 1369 septem
561 1291 687 1351 Diaconi
699 1308 746 1349 or·
837 1292 917 1351 ribus
943 1290 1037 1369 plenis
1065 1289 1165 1366 spititu
1193 1297 1296 1348 sancto

287 1386 443 1459 dinantur;
464 1396 492 1445 et
516 1395 663 1446 crescente
689 1383 746 1443 Dei
837 1396 867 1445 et
890 1387 1095 1462 magistrorum
1119 1383 1210 1442 diuini
1238 1400 1296 1441 ser·
1350 1383 1387 1442 X.
1409 1382 1455 1442 De
1471 1381 1567 1440 uiduis
1582 1390 1612 1440 et
1630 1388 1711 1456 septe
1731 1389 1849 1457 aposto·

288 1481 386 1552 uerbo,
428 1480 515 1540 etiam
558 1477 747 1539 Sacerdotum
838 1481 934 1542 monis
949 1476 1111 1539 ministerio
1126 1476 1275 1555 singulari.
1390 1476 1485 1537 lorum
1499 1473 1675 1536 constitutio.

288 1574 372 1634 turba
379 1592 441 1634 non
449 1574 565 1635 modica
577 1575 747 1651 subiugatur

289 1668 364 1729 fidei.

248 1762 334 1822 XIII.
370 1762 536 1840 Stephanus
571 1763 601 1820 in
628 1762 747 1822 nomine

289 1857 356 1917 Iesu
376 1856 483 1917 Christi
504 1857 620 1934 magnIs
640 1856 747 1915 emiuet

288 1951 398 2030 signis:
421 1968 508 2028 quem
528 1950 687 2010 infidelium
707 1950 721 2007 l
736 1983 748 1994 ·

290 2047 356 2119 ctio,
385 2047 454 2122 quia
482 2046 603 2105 ueritate
631 2045 747 2103 uincere

290 2141 398 2219 nequit,
414 2139 551 2200 falsorum
562 2140 678 2199 testium
689 2137 747 2197 sul-

289 2234 381 2312 fragia
408 2235 528 2312 quaerit,
558 2251 685 2310 eumque
710 2232 748 2291 ad

289 2329 445 2389 concilium
460 2328 609 2405 protrahit.

249 2421 332 2481 XIV.
345 2420 749 2499 Idem,interroganteSacer·
800 2416 883 2476 XVI.
904 2416 952 2475 De
972 2415 1113 2494 stephano
1130 2415 1181 2492 qui
1198 2423 1300 2491 postea
1352 2415 1406 2475 XI.
1428 2413 1585 2474 Tractatus
1606 2411 1730 2473 stheleni
1750 2411 1852 2488 dege·

290 2518 393 2577 dotum
417 2515 560 2593 Principe,
582 2515 676 2592 arguit
696 2531 748 2574 eos
841 2529 930 2590 quam
950 2510 1093 2569 maiorum
1114 2527 1149 2568 ac
1168 2507 1240 2585 legis
1253 2526 1300 2569 or·
1392 2509 1454 2568 nesi
1468 2517 1499 2568 et
1513 2507 1642 2567 exhodo.

290 2629 405 2689 semper
429 2610 486 2669 Dei
509 2609 568 2687 legi
590 2609 679 2669 fuisse
702 2626 749 2673 re·
842 2605 940 2665 dinem
975 2603 1119 2663 enarrauit
1156 2602 1299 2676 insaniam

289 2704 379 2764 belles
391 2725 400 2778 3
436 2704 539 2782 quiet
567 2703 648 2781 prius
676 2702 749 2763 Pro·
841 2698 968 2760 coercuit
982 2697 1163 2757 iudaeorum.

290 2800 400 2877 phetas,
425 2808 456 2857 et
480 2816 574 2876 nuper
599 2798 748 2857 ChrIstum

291 2891 456 2953 occiderint.
1353 2891 1423 2950 XII.
1466 2888 1619 2966 Lapidatio
1654 2897 1682 2946 et
1718 2885 1856 2946 dormitio

1392 2982 1495 3045 stefani
1509 2978 1678 3062 (μεμαυῖ’)

250 3080 318 3140 XV.
339 3080 432 3152 Idem,
443 3081 749 3140 frementibusineum
802 3080 900 3140 XVII.
922 3081 968 3141 De
987 3080 1119 3158 prinpre
1138 3090 1299 3156 martyrum

291 3174 480 3248 auditoribus,
495 3176 586 3235 etiarn
604 3193 636 3234 se
651 3174 750 3234 Iesum
841 3176 891 3254 qui
915 3174 1142 3235 interfectoribus
1170 3175 1229 3235 suis
1254 3175 1299 3232 in·

291 3290 310 3329 a
323 3269 433 3331 dextris
447 3269 504 3329 Dei
515 3280 640 3329 stantem
651 3269 750 3328 uidere
841 3269 1021 3348 dulgentiam
1043 3280 1074 3327 ut
1089 3270 1185 3347 Ipsum
1206 3268 1299 3329 Iacere

291 3375 430 3437 testatur;
452 3374 481 3423 et
502 3363 699 3441 lapidantibus
718 3382 750 3423 se
843 3365 970 3442 oportuit
983 3363 1146 3442 postulauit.

291 3460 407 3520 ueniam
428 3468 573 3536 precatur.
615 3457 748 3517 Ecclesia

290 3570 408 3631 quoque
470 3551 748 3631 Hierosolymitana,

292 3645 380 3707 Saulo
394 3647 529 3720 instante,
545 3646 731 3724 dispergitur.

253 4291 336 4352 XVI.
359 4291 494 4370 Philippo
508 4289 643 4351 Diacono
658 4290 687 4349 in
700 4289 751 4349 Sa·
804 4290 922 4356 XVIII.
942 4293 988 4353 De
1009 4309 1098 4369 mago
1118 4290 1231 4351 simone
1253 4290 1304 4369 qui
1355 4296 1425 4357 ΧΙΙ,
1464 4298 1510 4359 De
1538 4298 1652 4360 simone
1686 4314 1776 4377 mago
1807 4296 1856 4357 alii

293 4388 385 4447 maria
397 4386 546 4447 Christum
556 4385 750 4464 praedicante,
844 4388 874 4446 ln
909 4405 1037 4466 persona
1072 4384 1210 4445 salsorum
1247 4383 1303 4444 ira·
1395 4390 1463 4472 (sic)
1477 4393 1640 4470 baptizatus
1654 4403 1707 4465 esp.

293 4492 323 4542 et
336 4482 421 4558 signa
443 4480 575 4551 iaciente,
594 4479 676 4539 multi
690 4498 752 4541 cre·
845 4493 921 4542 trum
930 4482 968 4542 ad
978 4482 1034 4540 hoc
1045 4479 1208 4557 baptizatus
1222 4489 1305 4539 estut

294 4576 367 4636 dunt
408 4586 437 4635 et
478 4575 679 4653 baptizantur:
722 4575 752 4633 in
845 4575 985 4654 deinceps
1008 4586 1178 4635 sanctorum
1199 4591 1304 4633 saeuus

294 4670 400 4746 quibus
421 4677 449 4728 et
465 4669 569 4728 Simon
590 4668 753 4746 baptisatus
845 4679 1006 4747 emergeret
1020 4669 1176 4728 insecutor.

293 4761 431 4822 adhaeret
446 4762 588 4840 Philippo.

287 4947 643 5000 Il'otaeadcodd.Bamb.ete.
678 4949 736 4998 XV.
753 4958 822 5013 septe
833 4951 896 4999 Met.
963 4948 1048 5014 plenos
1058 4949 1120 4998 Met.

286 5012 358 5062 XVI.
375 5018 462 5078 postea
472 5028 563 5079 aquam
574 5014 689 5070 Baml.*,
701 5023 773 5078 poste
783 5029 875 5080 aquam
885 5029 934 5064 cor.
1033 5013 1156 5064 malorum
1166 5011 1256 5062 Bamb.
1340 5013 1449 5065 narrauit
1458 5015 1521 5064 Met.
1619 5015 1684 5066 iude.
1701 5011 1791 5065 Banrb.

286 5076 373 5129 XVIL
391 5078 519 5128 martirum
530 5080 621 5128 Bamh.
685 5094 734 5129 om.
746 5082 957 5138 indulgentiam
967 5078 1056 5130 Bamb.
1123 5081 1300 5137 postulauit:
1318 5079 1452 5130 custodiuit
1463 5076 1553 5130 Bamb.

225 5164 229 5171 ·
286 5144 386 5195 XVIII.
404 5144 764 5210 symoneBamh.ctXVIIIl.
830 5161 961 5212 personam
969 5145 1057 5196 Baml.
1123 5142 1293 5195 seuasBaaetb.
1361 5145 1568 5209 insequuBanbt
