4808 6594
302 1203 357 1263 reis
370 1212 399 1261 et
414 1202 521 1262 Stoicis
530 1202 657 1280 disputat
668 1200 759 1261 Athe·

300 1298 363 1356 nis:
384 1307 411 1356 et
427 1297 459 1355 in
473 1295 624 1372 Ariopago
638 1296 674 1354 de
694 1294 759 1354 Deo

302 1390 454 1460 disserens,
478 1388 624 1467 quosdam
647 1389 690 1447 sui
714 1407 759 1448 se·

302 1493 427 1543 ctatores
441 1483 537 1543 efficit.

261 1665 341 1726 XLI.
366 1666 447 1727 Idem
469 1666 610 1727 Corintho
631 1667 760 1727 scenes-

302 1761 423 1821 ctoriam
444 1773 537 1822 artem
564 1779 632 1821 curn
654 1761 761 1839 Aquila

301 1865 330 1913 et
344 1854 473 1914 Priscilla
495 1865 627 1916 exercet:
649 1866 676 1914 et
690 1873 760 1914 con·

302 1948 508 2009 tradicentibus
528 1950 620 2009 uerbo
635 1949 759 2020 Iudaeis,

301 2042 383 2101 multi
399 2042 614 2103 Corinthiorum
637 2044 760 2103 credunt

301 2136 556 2213 rebaptizantur:
584 2137 760 2195 admonente

807 715 957 779 ACTI'S
978 715 1329 778 APOSTOLORUM.

879 887 915 938 M.
928 888 1018 938 Barrrb.
1031 888 1062 936 A.
1076 888 1097 937 1.
1111 898 1134 951 7,
1147 887 1208 937 Met.
1221 898 1245 953 7.

851 1211 880 1258 et
928 1200 1112 1278 philosophis
1163 1202 1311 1279 disputare

852 1294 1042 1353 conceditur.
1056 1313 1158 1354 uerum
1168 1313 1235 1353 cum
1247 1293 1311 1352 uni-

853 1387 944 1447 uersis
959 1388 1209 1465 superstitionibus
1226 1399 1312 1466 atque

854 1481 949 1540 sectis.

813 1659 924 1720 XLIII.
939 1660 985 1721 De
994 1680 1084 1739 opere
1090 1661 1311 1739 praedicationis

853 1756 1001 1831 dogmatis
1022 1755 1163 1815 duntaxat
1181 1756 1267 1814 unius
1284 1765 1312 1814 et

852 1849 940 1926 crispi
964 1849 1185 1928 archisynagogi
1209 1848 1311 1908 credu-

853 1943 931 2002 litate
953 1943 989 2003 de
1009 1944 1106 2021 aquila
1129 1955 1158 2003 et
1186 1943 1311 2021 priscilla

853 2037 899 2095 uel
914 2037 1059 2114 baptisma
1072 2056 1141 2096 curn
1156 2038 1311 2115 aliquantis

854 2131 1014 2190 corinthiis.

1403 1213 1517 1263 seuerat
1532 1203 1680 1262 inuenisse
1694 1220 1774 1262 ararn
1796 1204 1864 1263 scri·

1366 1279 1368 1282 ’
1404 1297 1484 1356 nam
1498 1297 1576 1356 ruem
1592 1297 1694 1374 ignoto
1709 1296 1775 1358 reo.

1363 1653 1489 1713 XXXV.
1531 1652 1639 1714 Paulus
1673 1653 1800 1732 aquilam
1835 1663 1864 1712 et

1404 1747 1568 1825 proscillam
1583 1748 1717 1807 corintho
1731 1747 1849 1806 inuenit.

300 2247 367 2288 eum
391 2229 523 2289 Domino
547 2249 585 2291 ne
606 2249 624 2289 a
647 2231 759 2308 praedi·

302 2323 399 2384 cando
414 2324 561 2384 lassescat.

262 2417 358 2477 XLII.
382 2417 545 2495 Temptant
556 2418 657 2478 Iudaei
668 2418 760 2478 insur-

303 2529 372 2587 gere
390 2510 421 2569 in
440 2509 571 2582 Paulum,
592 2511 643 2571 sed
659 2530 677 2570 a
691 2510 761 2571 Gal·

304 2603 761 2682 lioneProconsulerepelluntur:

303 2697 353 2773 qui
383 2697 564 2773 profecturus
591 2699 621 2757 in
650 2698 760 2774 Syriam

304 2792 399 2851 tondit
414 2792 468 2850 sibi
482 2804 569 2869 caput
580 2792 608 2850 in
622 2791 762 2852 Cenchris

303 2896 389 2962 portu
405 2885 631 2946 Corinthiorum.

263 2975 375 3036 XLIII.
396 2977 504 3055 Apollo
525 2979 646 3039 ueniens
667 2980 762 3058 Ephe·

303 3091 378 3142 sum,
407 3074 578 3150 mysterium
614 3073 762 3134 Dominici

304 3166 490 3243 Baptismatis
505 3187 522 3226 a
535 3167 664 3226 Priscilla
680 3169 760 3227 discit

304 3270 332 3319 et
347 3259 461 3336 Aquila.

813 2415 943 2476 XLIIlI.
972 2415 1018 2474 De
1041 2415 1209 2475 auctoritate
1238 2416 1312 2495 pub·
1366 2414 1508 2475 XXXVI.
1533 2416 1634 2475 Iudaei
1660 2415 1768 2495 (iudaei
1792 2413 1864 2495 cod.)

854 2510 908 2570 lica
917 2509 996 2587 quod
1007 2510 1094 2570 rebus
1110 2510 1216 2570 diuinis
1228 2528 1312 2570 num·
1405 2508 1522 2586 paulurn
1543 2522 1680 2570 accusant
1704 2509 1742 2570 ad
1763 2510 1863 2589 gallio·

854 2622 942 2682 quarn
957 2621 988 2662 se
1004 2603 1215 2680 interposuerit.
1404 2625 1481 2665 nem.

814 2977 907 3037 XLV.
932 2975 979 3037 De
999 2976 1167 3035 auctoritate
1190 2976 1312 3054 rebapti·
1364 2979 1522 3040 XXXVII.
1557 2979 1603 3040 De
1633 2980 1737 3041 indaeo
1764 2981 1863 3060 apollo

854 3070 945 3129 zandi.
1405 3073 1528 3153 phrigi0.

264 3543 373 3604 XLIV.
401 3546 508 3606 Paulus
536 3547 643 3606 ibidem
671 3547 760 3607 deue-

304 3639 397 3711 niens,
426 3640 571 3717 quosdam
603 3641 761 3718 discipulos

302 3733 332 3791 in
355 3733 474 3793 nomine
498 3734 566 3793 Iesu
590 3733 697 3794 Christi
710 3736 761 3794 ba·

303 3826 407 3903 ptizat:
437 3837 466 3885 et
489 3827 608 3888 biennio
633 3838 762 3888 moratus

304 3919 334 3976 in
368 3920 448 3991 Asia,
487 3930 593 3979 cuncta
627 3921 761 3981 docendo

304 4014 465 4091 perlustrat.

265 4106 358 4166 XLV.
410 4109 608 4187 Temptantes
653 4110 762 4170 Sceuae

304 4202 378 4262 filios
398 4203 427 4262 in
451 4205 575 4265 nomine
603 4205 670 4265 Iesu
695 4205 762 4265 dae·

304 4313 409 4356 monas
431 4297 551 4369 eiecere,
574 4299 763 4360 demoniosus

303 4393 431 4468 corripit.
498 4392 581 4470 Magi
615 4394 763 4454 credentes

304 4503 374 4545 suos
396 4486 486 4547 libros
509 4489 705 4549 comburunt:
734 4499 763 4548 et

304 4578 411 4639 Paulus
437 4581 558 4641 transita
586 4581 763 4643 Macedonia

305 4683 334 4732 et
369 4674 488 4746 Achaia,
525 4674 762 4753 Hierosolymam

306 4767 346 4825 ire
361 4767 497 4844 disponit.

814 4106 923 4166 XLVI.
944 4106 991 4166 De
1016 4108 1094 4167 curis
1117 4117 1146 4167 et
1167 4107 1203 4167 de
1224 4108 1313 4168 uirtu-
1367 4105 1541 4165 XXXVIII.
1584 4103 1630 4163 De
1666 4101 1785 4163 iudaeos
1813 4104 1865 4181 qni

855 4203 930 4261 tibus
965 4202 1043 4279 pauli
1085 4220 1138 4279 per
1179 4202 1312 4280 spiritum
1406 4201 1546 4278 putabant
1584 4218 1615 4258 se
1654 4215 1743 4275 posse
1780 4215 1864 4256 exor-

854 4305 987 4355 sanctum
1002 4307 1029 4354 et
1044 4296 1080 4356 de
1099 4296 1250 4356 exorcistis
1270 4297 1311 4356 iu·
1407 4296 1508 4354 cizare.

854 4389 994 4449 daeomm
1009 4391 1070 4450 iesu
1087 4408 1195 4450 nomen
1212 4390 1312 4451 fraude

855 4485 1067 4544 innocentibus.

815 4851 941 4914 XLVII.
964 4851 1010 4912 De
1031 4855 1199 4914 auctoritate
1214 4872 1311 4932 repro-

855 4947 952 5006 bandi.

299 5078 380 5126 natae
390 5076 426 5124 ad
433 5077 497 5125 codd.
510 5078 537 5126 M
549 5085 592 5129 etc.
626 5078 708 5129 XLII.
726 5080 839 5130 uniuersa
850 5082 1021 5145 superstitione
1031 5083 1121 5133 Barth.

299 5141 388 5190 XLIII
402 5141 488 5205 (XLII
500 5144 586 5257 Menp
603 5144 696 5209 predic.
708 5145 735 5193 M
749 5145 838 5196 Bamb.
953 5147 1083 5198 dumtaxat
1094 5148 1184 5198 Bamb.
1192 5149 1255 5198 Met.
1370 5147 1574 5212 archisynagogis
1584 5148 1612 5198 M
1624 5148 1714 5200 Barth.
1727 5147 1864 5211 (archiam.)

265 5207 438 5257 credulitatem
451 5208 478 5256 M
491 5209 558 5258 Bam
574 5225 598 5269 .;
616 5224 633 5260 ÷
647 5219 672 5260 et
683 5210 743 5259 Met.
826 5213 861 5260 ds
878 5215 973 5271 aquila
990 5248 997 5263 .
1017 5247 1025 5262 .
1045 5249 1053 5266 .
1070 5215 1222 5264 nonnihil·
1232 5228 1278 5262 om.
1291 5213 1329 5264 Μ.

299 5272 369 5321 XLV
383 5272 498 5336 (XLIIII
509 5274 593 5339 Met).
613 5274 753 5340 baptizandi
765 5275 853 5326 Bamh.
867 5278 929 5328 Met.

1097 5342 1198 5394 exhorc.
1210 5344 1274 5395 lude.
1286 5344 1376 5394 Barth.

299 5337 384 5387 XLVI
396 5337 480 5401 (XLV
491 5340 567 5403 Met.)
602 5343 637 5390 ds
649 5355 691 5389 sec.
705 5347 728 5389 et
739 5347 794 5391 tert.
805 5357 852 5391 om.
867 5343 955 5394 raama
968 5344 1029 5392 Met.

299 5403 406 5453 XLVII.
422 5419 468 5455 om.
480 5412 531 5469 cap.
546 5406 573 5454 M
585 5413 610 5455 et
619 5407 684 5456 Met.
749 5407 803 5456 Hoc
812 5408 952 5473 capitulam
962 5409 999 5457 ad
1007 5409 1199 5473 reprobationem
1210 5410 1277 5459 arts's
1287 5410 1397 5473 mags'cae
1407 5410 1456 5461 aix.
1472 5409 1552 5461 18-20
1568 5410 1650 5476 refert.
1662 5416 1692 5460 ast
1702 5411 1814 5474 aidum,
1825 5410 1870 5459 sed

267 5467 371 5517 dubium
382 5475 425 5531 est,
438 5486 493 5519 eum
505 5472 617 5520 sectairnes
629 5473 657 5520 s'n
669 5478 738 5522 textu
751 5474 861 5521 Actuum
875 5473 904 5522 r'n
915 5474 993 5523 codice
1003 5474 1093 5527 Bamb.
1107 5475 1192 5524 tr'tulis
1201 5475 1370 5538 capitulorum
1382 5476 1469 5526 minus
1478 5483 1534 5541 apte
1544 5475 1713 5540 respondeant.

1059 5572 1080 5620 E
