4740 6600
829 1126 1186 1210 PRAEFATIO
1229 1128 1296 1210 ΙΝ
1337 1128 1555 1214 ACTUS.

1097 1325 1211 1400 CAP.
1243 1327 1271 1400 1.

509 1510 584 1585 DE
619 1509 920 1585 CODICIBUS
957 1509 1201 1584 ACTUUM
1241 1512 1298 1585 IN
1342 1512 1498 1585 HANC
1532 1512 1859 1588 EDITIONEM

583 1659 855 1737 COLLATIS
893 1658 966 1733 ET
1001 1661 1318 1736 PRAECIPUE
1356 1662 1432 1737 DE
1472 1662 1776 1739 CODICIBUS

822 1809 1527 1910 BIMORSUcdem.egz'g.lzpst.

495 1994 660 2062 OMNIUM
676 1996 826 2061 codicum
850 2003 1037 2061 nostrorum
1060 1997 1252 2059 summatim
1272 2003 1305 2059 et
1326 1996 1471 2061 breuiter
1493 1997 1647 2062 notitiam
1670 1998 1824 2062 dedimus
1848 1998 1931 2063 infra

430 2120 462 2183 p.
480 2117 531 2183 34,
547 2107 580 2162 et
602 2101 691 2182 quod
714 2100 834 2164 attinet
855 2099 899 2164 ad
923 2098 1090 2163 historiam
1113 2100 1266 2163 codicum
1289 2098 1633 2165 ACDFGeKTVW
1650 2121 1734 2184 quos
1757 2123 1874 2167 omnes
1898 2105 1930 2166 in

430 2202 617 2288 Euangelia
639 2203 860 2280 adhibuimus,
883 2222 989 2286 pauca
1012 2202 1065 2265 hic
1088 2203 1262 2266 scribenda
1285 2214 1371 2280 sunt,
1394 2224 1470 2269 cum
1493 2203 1558 2270 uol.
1585 2205 1609 2287 Ι,
1634 2225 1690 2288 pp.
1714 2206 1841 2284 xi-xiv,
1865 2206 1932 2271 iere

428 2307 508 2370 satis
523 2307 566 2372 de
583 2307 631 2370 eis
647 2307 772 2370 dictum
793 2305 899 2370 fuerit.
946 2305 1000 2369 De
1020 2313 1117 2368 textu
1137 2325 1251 2370 eorum
1270 2307 1302 2369 in
1327 2306 1389 2370 hoc
1408 2307 1492 2370 libro
1513 2308 1608 2390 plura
1626 2310 1819 2373 adnotanda
1840 2320 1928 2374 sunt.

429 2408 566 2475 Ceteros
586 2429 667 2474 uero
685 2408 815 2473 codices
830 2408 1029 2492 quindecim,
1044 2417 1174 2489 septem
1194 2407 1485 2490 Hieronymianos,
1501 2419 1577 2474 octo
1599 2421 1738 2488 ueteres,
1753 2413 1873 2494 quibus
1896 2414 1930 2476 in

427 2513 515 2578 hunc
530 2512 649 2576 librum
665 2512 714 2577 usi
730 2531 851 2589 sumus,
867 2509 967 2594 paulo
986 2509 1116 2594 longius
1134 2510 1197 2575 hoc
1213 2510 1286 2576 loco
1303 2531 1472 2576 recensere
1488 2522 1631 2595 oportet.

932 2661 978 2750 (a)
1007 2663 1135 2731 Codices
1156 2665 1422 2748 Hieronymiani.

492 2787 538 2853 A.
569 2786 687 2852 Codex
703 2785 886 2850 Bibliorum
902 2785 1116 2864 Amiatinum
1140 2786 1217 2851 uide
1234 2786 1260 2864 1,
1278 2807 1310 2869 p.
1326 2787 1382 2862 xi;
1404 2787 1584 2851 editionem
1600 2786 1928 2854 Tischendortianam

427 2909 502 2955 cum
520 2891 592 2972 ipso
603 2889 718 2955 codice
729 2890 839 2954 denuo
855 2887 997 2954 contulit
1010 2888 1054 2951 H.
1067 2889 1097 2971 J.
1110 2888 1164 2954 W.
1211 2889 1250 2953 ln
1261 2889 1405 2954 Actibus
1421 2891 1483 2954 hoc
1501 2890 1685 2954 notandum
1702 2899 1762 2966 est,
1779 2893 1929 2956 codicem

427 2993 634 3058 Amiatinum
658 3013 725 3056 non
745 2992 853 3058 solum
870 3013 944 3057 cum
966 2990 1101 3057 Graecis
1124 2993 1362 3076 antiquissimis
1377 2993 1434 3060 ΝΒ
1450 2995 1509 3058 sed
1530 2995 1631 3058 etiam
1653 3014 1730 3059 cum
1754 2995 1929 3061 Laudiano

425 3092 469 3181 (c)
484 3098 629 3180 quadam
645 3096 868 3161 familiaritate
884 3096 1048 3179 coniungi.
1094 3096 1184 3160 Nam
1200 3106 1237 3160 ut
1255 3116 1353 3179 supra
1369 3097 1517 3161 diximus
1536 3097 1574 3180 (l,
1590 3118 1623 3180 p.
1640 3096 1728 3182 660),
1744 3110 1930 3181 congruunt

426 3199 604 3264 diuisiones
628 3198 850 3283 capitulorum
875 3200 942 3263 lere
962 3199 1097 3262 omnino
1123 3220 1197 3264 cum
1225 3200 1368 3263 numeris
1390 3201 1446 3282 qui
1470 3200 1502 3262 in
1527 3198 1689 3265 Sinaitico
1709 3210 1741 3264 et
1764 3202 1929 3267 Uaticano

425 3303 637 3387 adponuntur
662 3301 750 3384 (uide
775 3301 873 3381 Hort,
895 3301 1129 3384 Introduction,
1154 3302 1199 3383 11,
1222 3323 1254 3384 p.
1272 3303 1335 3365 266
1348 3324 1356 3380 ;
1380 3302 1423 3366 H.
1448 3302 1491 3367 A.
1513 3303 1695 3382 Robinson,
1713 3305 1930 3385 Euthaliana,

425 3428 457 3491 p.
472 3424 512 3484 41
528 3432 536 3485 ;
564 3405 794 3490 Berger,Hist.
810 3405 898 3470 dela
922 3405 1027 3488 Vulg,
1042 3428 1073 3489 p.
1090 3405 1176 3490 313),
1193 3415 1226 3469 et
1248 3413 1415 3469 corrector
1436 3406 1567 3478 codicis,
1586 3407 1643 3488 qui
1668 3417 1783 3471 nostro
1806 3409 1928 3473 iudicio

425 3511 496 3592 ipse
521 3511 629 3575 scriba
654 3509 724 3587 suit,
748 3510 878 3573 uidetur
902 3509 1077 3574 nonnullas
1102 3508 1260 3573 lectiones
1286 3531 1305 3574 e
1331 3509 1504 3573 Laudiano
1531 3510 1677 3574 hausisse
1700 3506 1796 3593 (inira
1818 3531 1850 3592 p.
1871 3512 1927 3590 xii,

423 3623 492 3679 not.
508 3612 550 3697 1).
589 3611 729 3678 Codices
744 3611 906 3678 AIMOD
923 3613 1017 3696 quasi
1033 3632 1132 3677 unam
1149 3612 1308 3678 familiam
1325 3612 1450 3677 iaciunt
1466 3613 1510 3677 de
1525 3634 1592 3695 qua
1608 3613 1691 3677 inira
1706 3615 1913 3680 disseremus.

490 3716 528 3780 B.
552 3716 672 3782 Codex
696 3715 877 3781 Bibliorum
900 3716 1149 3800 Bambcrgensis
1172 3716 1398 3782 Bibliothecae
1422 3717 1505 3799 Reg.
1528 3717 1645 3781 Bamb.
1669 3717 1713 3780 A.
1739 3734 1767 3780 1.
1790 3731 1822 3799 5,
1843 3739 1927 3784 saec.

425 3821 497 3899 IX;
527 3820 667 3886 contulit
694 3820 739 3886 H.
761 3819 792 3902 J.
814 3818 865 3885 W.
898 3820 1128 3888 ,Alcuinianus
1152 3830 1202 3886 est
1228 3831 1263 3886 et
1289 3841 1366 3885 cum
1390 3819 1588 3886 KVFSUR
1617 3841 1736 3904 magna
1763 3843 1806 3885 ex
1832 3833 1927 3903 parte

423 3925 609 4002 concordat,
625 3934 662 3989 ut
685 3923 861 4006 proximus
884 3923 956 4007 ipse
979 3944 1024 3987 ex
1046 3925 1108 3988 hac
1132 3925 1217 3988 serie
1244 3923 1407 3988 Karolino
1429 3924 1473 3987 sit
1502 3924 1552 4008 (cs.
1574 3923 1700 4006 Berger,
1722 3923 1814 3989 Hist.
1830 3925 1870 3988 de
1892 3927 1926 3990 la

432 4026 535 4109 Vulg,
551 4046 607 4108 pp.
624 4027 687 4090 206
703 4046 784 4108 seq,
800 4027 929 4108 376-7).
976 4025 1116 4090 Familia
1137 4025 1374 4106 BKVFSUR,
1389 4036 1427 4090 ut
1442 4026 1527 4089 inira
1543 4027 1765 4107 ostendemus,
1780 4027 1926 4094 familiae

423 4128 586 4195 AIMOD
602 4130 635 4193 in
650 4127 795 4193 Actibus
810 4129 1012 4193 aduersatur.

487 4233 525 4299 C.
558 4231 678 4298 Codex
708 4232 892 4297 Bibliorum
925 4229 1104 4311 Cauensis3
1139 4232 1216 4298 uide
1248 4230 1274 4311 I,
1299 4255 1331 4317 p.
1356 4233 1413 4311 xi;
1446 4232 1587 4298 contulit
1615 4232 1647 4315 J.
1675 4233 1710 4298 S.
1765 4234 1925 4300 Familiae

423 4337 628 4420 Hispanicae
649 4347 700 4402 est
721 4346 756 4400 et
780 4355 855 4400 cum
875 4335 938 4399 ΤΘ
953 4336 1035 4400 satis
1048 4343 1139 4401 arcte
1154 4336 1317 4414 cohaeret,
1332 4337 1391 4400 sed
1408 4336 1556 4400 maxime
1571 4357 1646 4400 cum
1662 4338 1703 4402 T.
1747 4336 1925 4404 Lectiones

420 4440 456 4503 in
472 4439 531 4506 CT
547 4462 567 4505 a
587 4440 721 4524 reliquis
743 4439 912 4505 codicibus
928 4440 1049 4506 nostris
1070 4439 1295 4522 discrepantes
1313 4438 1380 4504 fere
1399 4459 1530 4524 semper
1546 4449 1604 4504 aut
1623 4440 1744 4505 ueteris
1766 4441 1924 4505 uersionis

422 4544 627 4627 Europaicae
641 4553 718 4609 sunt
735 4543 807 4628 (CT
823 4571 855 4601 =
868 4565 886 4608 e
893 4544 965 4628 gig.
973 4555 1001 4628 p
1016 4553 1031 4606 t
1046 4543 1109 4608 hoc
1125 4539 1263 4629 ordine),
1278 4554 1335 4608 aut
1351 4551 1485 4607 textum
1501 4563 1657 4626 graecum
1674 4544 1806 4609 diuerso
1823 4547 1924 4610 modo

420 4655 677 4730 repraesentant,
693 4648 740 4712 ita
760 4656 798 4712 ut
819 4647 912 4731 parui
933 4645 1094 4712 momenti
1117 4646 1183 4711 sint
1205 4646 1246 4711 ad
1270 4644 1514 4729 explorandum
1537 4655 1669 4711 textum
1692 4667 1847 4730 graecum
1866 4650 1923 4730 qui

420 4749 564 4816 familiae
587 4749 788 4833 Hispanicae
811 4770 873 4831 pro
894 4749 1112 4814 fundamento
1139 4747 1246 4816 suerit.
1294 4749 1363 4814 Ubi
1392 4747 1419 4813 C
1444 4759 1478 4813 et
1500 4749 1531 4813 T
1553 4750 1640 4814 inter
1660 4770 1696 4813 se
1723 4750 1923 4833 discrepant,

420 4852 459 4933 C,
475 4855 560 4919 utin
579 4853 779 4938 Euangeliis,
794 4851 989 4935 plerumque
1003 4850 1120 4916 melior
1134 4862 1205 4928 est;
1236 4853 1349 4931 imm0,
1373 4862 1450 4934 post
1474 4850 1513 4927 G,
1534 4853 1689 4934 proxime
1707 4854 1855 4919 omnium
1878 4855 1921 4919 ad

418 4966 551 5022 textum
567 4967 718 5022 nostrum
734 4956 872 5021 accedit.
918 4955 1007 5022 Uide
1020 4956 1103 5019 insra
1117 4975 1148 5037 p.
1164 4955 1234 5019 xiii.

485 5059 528 5123 D.
553 5058 671 5124 Codex
691 5059 781 5125 Noui
808 5059 1015 5125 Testamenti
1036 5057 1272 5123 Armacltanus
1293 5077 1380 5122 nunc
1400 5056 1623 5138 Dublinensis,
1637 5078 1720 5124 saec.
1744 5059 1796 5123 IX
1816 5060 1869 5137 in.,
1884 5072 1920 5127 ut

416 5165 549 5229 uidetur
565 5162 617 5247 (cs.
635 5161 765 5244 Berger,
780 5184 813 5247 p.
830 5162 907 5246 31J;
929 5163 1005 5226 uide
1022 5163 1047 5244 Ι,
1061 5183 1095 5246 p.
1108 5163 1165 5242 xi,
1188 5162 1353 5245 impressit
1369 5170 1518 5227 recenter
1534 5183 1565 5225 u.
1582 5161 1622 5227 cl.
1638 5162 1668 5244 J.
1685 5161 1838 5246 Gwynn;
1861 5165 1920 5229 sed

415 5267 525 5332 adhuc
547 5267 630 5332 liber
650 5265 712 5330 sub
733 5266 883 5331 manibus
902 5275 963 5331 est.
1009 5266 1063 5330 De
1086 5267 1182 5331 huius
1205 5265 1330 5330 codicis
1352 5263 1464 5331 indole
1486 5264 1520 5327 in
1544 5265 1687 5330 Actibus
1711 5266 1777 5332 fere
1801 5269 1918 5333 eadem

416 5371 556 5435 dicenda
578 5380 655 5435 sunt
673 5370 807 5454 quaein
823 5369 1014 5454 Euangeliis
1038 5369 1077 5452 (Ι,
1093 5390 1149 5453 pp.
1167 5375 1328 5455 713-15);
1350 5369 1601 5434 fundamentum
1622 5369 1746 5435 bonum
1765 5371 1865 5435 habet
1886 5382 1919 5435 et

417 5475 583 5539 interdum
595 5483 726 5540 textum
742 5474 1040 5557 Hieronymianum
1050 5472 1102 5538 uel
1116 5473 1206 5538 solus
1216 5472 1268 5537 uel
1281 5492 1357 5538 cum
1368 5472 1481 5556 paucis
1495 5473 1673 5538 comitibus
1688 5482 1870 5554 conseruat,
1882 5486 1918 5538 ut
