4808 6594
1079 704 1224 765 CAPIT
1224 703 1307 764 ULA
1335 704 1394 764 IN

993 870 1179 931 assensum
1201 871 1265 921 codd.
1286 872 1345 921 nat.
1363 885 1437 935 μη,
1459 875 1487 922 c.

1024 936 1111 997 naurs,
1146 937 1167 985 s
1200 938 1279 997 Petri,
1318 939 1387 988 oms.
1422 939 1491 1002 apua

1027 1001 1209 1061 Montanum
1231 1003 1280 1052 cod.
1297 1003 1368 1053 Cori.
1388 1018 1400 1051 a
1420 1002 1491 1068 apud

1021 1067 1144 1117 Sabatrh.

481 1185 681 1265 praedicantes
721 1187 751 1245 in
790 1204 942 1265 synagoga
1029 1183 1199 1244 iudaeomm
1218 1194 1247 1243 et
1264 1203 1417 1263 grecorum
1436 1203 1487 1246 co·
1581 1198 1712 1266 tempore
1747 1188 1854 1249 docent
1888 1200 1917 1249 et
1954 1190 2047 1266 signa

481 1278 665 1341 crediderumt
702 1279 874 1340 iudaeorum
913 1291 941 1339 et
1031 1278 1114 1354 piosa
1127 1277 1290 1339 multitudo.
1581 1280 1690 1342 iaciunt
1713 1282 1793 1342 unde
1817 1300 1869 1342 eos
1891 1283 2046 1362 expellunt

480 1392 634 1452 grecorum
645 1375 765 1453 copiosa
776 1375 940 1435 multitudo.
1579 1375 1665 1435 iudei.

437 1552 585 1616 XXXIX.
607 1555 667 1617 Ubi
680 1557 784 1635 paulus
800 1556 831 1617 in
844 1556 940 1635 lystris
991 1558 1181 1619 XXXVIIII.
1197 1560 1233 1619 In
1247 1560 1339 1638 lystris
1352 1561 1488 1621 claudum
1539 1557 1636 1619 XXX.
1658 1557 1765 1618 Paulus
1780 1559 1811 1618 in
1822 1558 1907 1619 listris
1921 1559 2043 1620 clodum

480 1649 617 1710 claudum
649 1670 689 1711 ex
722 1662 805 1712 utero
839 1653 940 1711 matris
1030 1673 1068 1714 ex
1082 1664 1166 1714 utero
1178 1655 1277 1713 matris
1296 1673 1365 1715 suae
1384 1654 1487 1731 paulus
1579 1662 1659 1711 curat
1687 1653 1737 1711 ubi
1764 1671 1832 1712 eum
1864 1653 2043 1712 mercurium

478 1745 592 1805 curauit
609 1756 639 1806 et
659 1746 709 1805 ubi
728 1746 848 1824 paulum
862 1765 938 1806 mer·
1030 1757 1122 1807 sanat.
1580 1747 1739 1805 barnabam
1767 1764 1837 1805 uero
1862 1746 1960 1806 iobem
1986 1765 2043 1807 uo-

478 1839 592 1899 curium
612 1850 793 1899 uocauerunt
822 1849 851 1899 et
874 1841 939 1900 bar·
1580 1849 1655 1899 cant.

480 1934 578 1992 naban
592 1935 698 1992 iouem.

438 2023 504 2086 XL.
524 2024 654 2098 Quidam
673 2026 882 2087 descendentes
903 2029 938 2087 de
989 2027 1053 2089 XL.
1072 2029 1132 2088 Ubi
1145 2029 1265 2107 quidam
1276 2027 1486 2090 descendentes
1539 2020 1651 2080 XXXI·
1673 2020 1720 2081 De
1741 2021 1866 2083 antiocha
1890 2022 2044 2084 aculeatas

479 2117 582 2177 iudaea
617 2120 763 2179 docebant
796 2121 849 2179 nisi
885 2123 938 2180 clr·
1029 2122 1065 2182 de
1090 2123 1193 2182 iudaea
1217 2123 1361 2183 docebant
1384 2122 1486 2182 fratres
1579 2116 1655 2174 iudei
1683 2115 1814 2193 lapidant
1841 2116 1960 2194 paulam
1987 2118 2042 2177 abi

478 2211 681 2272 cumcidamini
719 2232 780 2273 non
816 2215 937 2290 potestis
1028 2213 1193 2273 circumcidi
1202 2211 1361 2273 secundum
1373 2231 1485 2273 morem
1580 2220 1695 2286 putatur
1721 2221 1853 2271 mortuus
1887 2211 1936 2288 qui
1970 2229 2042 2270 eum

479 2307 550 2365 salui
571 2307 632 2366 fieri
654 2307 732 2368 unde
756 2308 832 2367 sacta
863 2309 937 2368 sedi·
1028 2307 1112 2365 mosi.
1579 2305 1709 2363 barnaba
1717 2303 1785 2363 Inde
1794 2322 1920 2383 pergens
1932 2305 2042 2382 ubique

479 2401 558 2460 tione
578 2400 665 2479 paulo
681 2412 710 2462 et
729 2403 873 2461 barnabae
891 2421 936 2462 as-
1579 2397 1717 2474 predicat.

477 2493 636 2555 cendemnt
649 2495 872 2573 hierosolymam
887 2496 936 2554 ubi

477 2598 560 2647 erant
576 2598 676 2665 petrus
696 2601 724 2647 et
744 2588 792 2647 alii
812 2588 936 2665 apostoli

477 2680 574 2742 uidere
588 2681 625 2742 de
639 2684 729 2742 uerbo
743 2682 811 2742 boc.
1350 2700 1352 2704 ⁴

436 2773 517 2834 XLI.
539 2774 598 2835 Ubi
619 2776 726 2853 placuit
747 2773 887 2852 apostolis
908 2785 937 2834 et
987 2777 1067 2838 XLI.
1102 2778 1161 2839 Ubi
1195 2780 1321 2858 apostoli
1356 2781 1485 2839 scribunt
1539 2779 1670 2839 XXXII.
1690 2779 1738 2840 De
1748 2780 1840 2839 reditu
1849 2777 1954 2856 (sedito
1964 2781 2041 2861 cod)

477 2869 639 2929 senioribus
677 2871 788 2947 elegere
824 2867 936 2949 (elig.⁸)
1028 2873 1210 2934 credentibus
1225 2875 1410 2952 exgentibus
1425 2893 1485 2933 non
1579 2886 1608 2933 et
1627 2875 1755 2933 barnabe
1776 2875 1930 2935 antiociam
1951 2886 1979 2934 et
1999 2876 2041 2935 de

476 2963 555 3022 uiros
578 2973 607 3022 et
628 2964 741 3022 mittere
761 2963 936 3022 anthiociam
1028 2968 1184 3028 mandasse
1211 2986 1262 3028 eos
1289 2969 1339 3046 qui
1364 2968 1485 3027 circum·
1578 2970 1731 3046 questione
1746 2969 1974 3028 circumcisionis
1982 2988 2041 3047 pro

475 3074 544 3115 cnm
558 3057 645 3134 paulo
659 3069 688 3116 et
699 3058 848 3117 barnaban
867 3058 936 3117 scri·
1029 3062 1168 3122 elsionem
1184 3062 1399 3139 praedicabant.
1578 3080 1638 3139 qua
1666 3063 1881 3122 iherosolimam
1912 3074 2041 3142 pergunt

478 3152 578 3212 bentes
591 3151 737 3229 epistulas.
1579 3157 1628 3214 ubi
1643 3166 1741 3233 petrus
1760 3158 1862 3217 ceteris
1879 3157 1946 3217 dicit
1961 3174 2041 3234 quur

1579 3252 1705 3309 temtatis
1754 3251 1854 3328 iugum
1899 3252 2041 3329 inponere

1579 3345 1770 3405 credentibus

989 3839 1085 3899 XLII.
1107 3839 1165 3899 Ubi
1180 3841 1282 3917 paulus
1295 3852 1325 3900 et
1344 3843 1487 3902 barnabas
1539 3834 1684 3894 XXXIII·
1722 3837 1847 3897 Iacobus
1884 3838 2028 3898 confirma

1029 3934 1128 3993 directi
1156 3935 1195 3993 ab
1224 3935 1366 4013 apostolis
1393 3937 1487 3997 antio
1579 3930 1753 3988 sententiam
1767 3932 1839 4008 petn'
1858 3950 1895 3990 ne
1911 3932 2038 3991 circum·

1029 4028 1123 4088 chiam
1144 4038 1173 4087 et
1193 4040 1368 4108 congregata
1391 4030 1486 4089 multi·
1579 4025 1711 4083 cidantur
1738 4035 1840 4103 gentes
1867 4024 1919 4085 sed
1948 4027 2039 4086 absti-

1029 4123 1127 4188 tudine
1136 4123 1314 4190 tradiderunt
1323 4124 1486 4202 epistulam.
1578 4130 1666 4177 neant
1696 4119 1734 4178 ab
1755 4118 1839 4180 idolIs
1866 4139 1884 4179 a
1911 4118 2037 4180 fornica-

1579 4214 1658 4272 tione
1671 4223 1700 4272 et
1714 4214 1824 4274 ceteris

1538 4303 1699 4366 XXXIIII.
1730 4307 1864 4385 Epistola
1887 4308 2037 4384 apostolo-

1578 4419 1642 4458 rum
1662 4401 1700 4459 ad
1720 4401 1821 4461 iratres
1839 4402 1869 4460 ln
1892 4402 2038 4462 anctiocia

1578 4512 1667 4570 quam
1688 4497 1827 4554 miserunt
1848 4494 2038 4572 perpaulum

1578 4598 1606 4646 et
1621 4599 1731 4648 ceteros
1745 4590 1823 4649 uiros
1840 4590 1956 4666 primos.

435 4682 529 4742 XLII.
561 4681 619 4742 Ubi
654 4680 757 4760 paulus
785 4680 934 4760 quendam
987 4685 1099 4744 XLIII.
1121 4685 1167 4746 De
1181 4686 1320 4747 timotheo
1334 4686 1485 4765 discipulo.
1538 4679 1664 4740 XXXV·
1685 4683 1836 4742 Di88ensio
1859 4683 1985 4742 barnabe
2007 4693 2038 4742 et

475 4776 649 4854 discipulum
689 4776 809 4835 nomine
850 4776 934 4835 timo
1578 4775 1657 4853 pauli
1691 4777 1727 4836 de
1762 4776 1890 4836 iohanne
1924 4795 2037 4853 cogno·

465 4935 545 4985 Nota
555 4933 592 4980 ad
598 4933 663 4982 codd.
677 4932 770 4982 BFUK
780 4937 823 4982 etc.
856 4930 1008 4981 XXXVIII.
1026 4930 1155 4981 iudeorum
1167 4933 1218 4981 Rc.
1286 4948 1415 4994 grecorum
1426 4931 1520 4982 KRSU
1531 4947 1551 4981 c.

465 4998 629 5048 XXXVIIII.
647 4998 722 5048 listris
734 4996 796 5048 BRS
807 5012 827 5046 c.
893 5012 941 5047 om.
952 5013 1019 5047 suae
1032 4997 1063 5047 U.

464 5064 518 5115 XL.
536 5064 705 5114 discendentes
732 5062 757 5113 S.
822 5060 854 5111 de
864 5061 971 5112 iudeaR
986 5078 1013 5122 c;
1029 5078 1076 5112 om.
1093 5063 1143 5112 cod.
1156 5063 1183 5112 S.
1196 5062 1278 5112 Petri.
1345 5065 1637 5112 olroumoldt÷rasura
1649 5063 1682 5112 K.
1735 5078 1809 5112 secun
1820 5063 1847 5113 S.
1912 5075 2036 5115 motam:

433 5127 514 5192 legem
528 5130 623 5179 Bcodd.
636 5136 676 5192 ap.
691 5129 777 5178 Thom.
854 5131 927 5178 mosi
939 5129 960 5177 F
972 5145 979 5177 z
999 5129 1079 5192 moysi
1088 5128 1153 5177 codd.
1160 5127 1243 5192 plur„
1257 5127 1330 5176 moisi
1343 5129 1379 5187 R;
1397 5144 1482 5192 moyse
1494 5129 1519 5178 S.

464 5194 533 5242 XLI.
550 5198 684 5251 apostoli:
701 5192 790 5258 paulus
800 5208 819 5243 c.
902 5197 1031 5243 scribunt
1042 5194 1152 5243 o¹KRu
1167 5193 1253 5242 nom.
1265 5209 1271 5242 ε
1282 5193 1353 5242 -bent
1370 5193 1471 5244 BWS
1488 5193 1554 5255 Sal,
1573 5193 1621 5243 -bit
1636 5210 1657 5243 c.
1742 5207 1801 5243 non
1817 5197 1979 5244 mandute:
1999 5209 2037 5244 no

432 5259 528 5308 misisse
540 5258 570 5308 U.
635 5275 681 5308 om.
695 5274 745 5308 sos
760 5259 818 5308 Uat.
831 5271 903 5321 4221.
997 5258 1182 5308 circumcisione
1195 5259 1215 5306 B
1227 5257 1285 5306 Sab.
1418 5259 1579 5323 predicabant
1591 5258 1680 5309 BKRS
1692 5274 1710 5310 c.

465 5323 548 5372 XLII.
565 5328 700 5382 apostolis
718 5337 736 5373 ÷
754 5324 786 5372 ad
796 5340 815 5372 c.
898 5325 1032 5374 antiociam
1043 5324 1107 5386 0¹¹5,
1120 5324 1273 5373 anthiociam
1285 5323 1328 5385 ΘΙ,
1345 5323 1515 5374 anthiochiam
1528 5326 1565 5385 R;
1584 5338 1602 5374 ψ
1622 5332 1740 5373 uenerunt
1749 5323 1774 5374 S.
1854 5339 1904 5373 om.
1914 5330 1943 5374 et
1954 5340 1998 5374 sec.
2010 5324 2037 5375 U

432 5388 496 5437 codd
508 5396 548 5452 ap.
563 5390 649 5438 Tironi.
716 5396 882 5454 congregatae
892 5390 957 5439 codd.
969 5397 1009 5456 ap.
1026 5390 1112 5439 raom.
1204 5388 1358 5438 multiludini
1367 5390 1434 5441 codd.
1446 5396 1487 5455 ap.
1505 5391 1607 5452 Ilrom.;
1626 5405 1694 5439 -uem
1706 5391 1732 5440 S.
1815 5393 1967 5449 epistulam
1980 5389 2036 5452 FS;

433 5453 565 5518 epistolam
577 5454 673 5505 uultu
684 5454 763 5519 (nep.)
779 5454 801 5505 U
817 5457 842 5504 T
838 5455 902 5505 Man.
914 5455 970 5506 Sat.

467 5518 562 5570 XLIII.
580 5520 719 5570 thimotheo
729 5519 783 5570 ΘΚ
