4808 6594
985 702 1135 766 ACTUS
1153 703 1504 770 APOSTOLORUM.

1061 873 1099 923 M.
1110 873 1200 923 Bamb.
1212 874 1243 922 Α
1257 873 1278 924 1.
1292 884 1315 937 7,
1327 875 1390 925 Met.
1403 884 1425 938 7.

484 1180 600 1241 ludaeis
618 1181 697 1240 etde
712 1180 857 1241 Gentibus
872 1198 942 1240 con·
1034 1186 1095 1263 puli
1116 1187 1273 1265 aliquando
1296 1189 1426 1265 requiem
1447 1189 1490 1248 in-

482 1284 600 1335 uertunt
620 1274 658 1335 ad
676 1274 784 1334 fidem:
807 1275 857 1334 sed
878 1274 941 1333 infi·
1034 1281 1156 1340 ueniunt
1201 1282 1397 1343 insecutiones
1441 1282 1491 1342 ali-

484 1368 591 1428 delium
625 1371 737 1446 impetu
773 1369 941 1446 propulsati,
1034 1374 1153 1451 quando
1168 1376 1323 1452 patiuntur.

484 1462 619 1539 Lystram
633 1473 735 1540 petunt
749 1473 778 1522 et
792 1462 920 1522 Derben.

443 1555 588 1616 XXXIII.
610 1556 692 1617 Idem
711 1557 816 1617 docent
834 1558 864 1615 ln
883 1556 941 1634 Ly·
993 1554 1121 1615 XXXV.
1141 1554 1187 1615 De
1201 1558 1295 1632 grecis
1309 1558 1359 1634 qui
1376 1558 1490 1634 magni·
1544 1565 2046 1646 xx1111,Pau1usinlysuss010.

485 1651 558 1721 stris,
575 1651 625 1710 ubi
644 1650 748 1711 claudo
770 1661 871 1711 curato
890 1669 941 1727 per
1034 1649 1131 1709 tudine
1156 1651 1235 1709 suasi
1260 1646 1395 1710 uirtutum
1420 1651 1491 1712 deos
1585 1662 1750 1721 (inmensas
1772 1662 2046 1740 etquodbmban

484 1742 617 1817 Paulum,
639 1744 678 1803 dii
702 1755 770 1804 sunt
787 1745 939 1817 aestimati,
1033 1761 1096 1803 esse
1124 1743 1274 1821 apostolos
1306 1754 1490 1822 putauerunt.
1585 1756 1683 1816 ionem
1697 1766 1727 1816 et
1740 1755 1860 1833 paulam
1871 1757 2046 1817 mercurium

483 1849 512 1898 et
532 1839 581 1897 uix
603 1840 701 1899 turbas
716 1857 753 1898 ne
767 1839 821 1897 sibi
835 1839 940 1898 immo·
1033 1837 1081 1914 qui
1102 1839 1238 1915 grauiora
1263 1839 1491 1916 postmoduma
1584 1860 1687 1928 putant
1700 1868 1775 1910 esse,

482 1933 542 1992 lent
556 1933 666 1994 sedant.
1032 1931 1143 1990 iudaeis
1157 1932 1268 2008 experti
1282 1942 1358 1991 sunt.

441 2026 584 2086 XXXIV.
607 2027 796 2088 Commotia
824 2027 939 2086 Iudaeis
991 2023 1133 2084 XXXVI.
1176 2024 1222 2084 De
1263 2028 1360 2103 regnis
1395 2026 1490 2087 caele-
1543 2031 1641 2091 XXV.
1684 2030 1732 2091 Ex
1760 2031 1938 2093 antiochiam
1966 2031 2047 2091 ueni·

481 2120 613 2180 Licaonii
644 2121 773 2198 lapidant
797 2121 939 2180 Paulum:
1031 2120 1123 2178 stibus
1143 2136 1219 2195 quae
1239 2120 1310 2180 citra
1332 2121 1490 2181 tribulatio
1582 2135 1664 2186 entes
1685 2169 1693 2184 .
1713 2126 1810 2187 iconio
1830 2171 1838 2186 .
1859 2125 1953 2187 iudaei
1975 2125 2046 2203 lapi·

481 2215 532 2292 qui
556 2215 723 2276 refocilatus
750 2233 769 2274 a
796 2215 866 2284 suis,
895 2215 939 2273 ni·
1030 2231 1100 2271 nem
1122 2208 1271 2294 [adipiscI]
1293 2213 1389 2272 nullus
1408 2232 1490 2291 prae·
1583 2220 1655 2279 dant
1674 2219 1803 2296 paulum.

481 2308 639 2368 hilominus
672 2320 778 2369 cuncta
805 2306 939 2368 docendo
1030 2305 1139 2365 ualeret
1153 2307 1279 2367 introire.
1317 2319 1347 2366 et
1361 2307 1396 2366 de
1411 2306 1489 2367 salsis

482 2413 665 2480 peruagatur.
1031 2399 1199 2460 doctoribus
1219 2400 1270 2478 qui
1293 2400 1331 2458 ad
1349 2398 1490 2459 culturam

1030 2493 1101 2571 legis
1128 2494 1236 2553 ueteris
1267 2493 1364 2553 denuo
1392 2492 1489 2553 christi

1030 2587 1188 2664 discipulos
1203 2587 1356 2664 pellebant.

440 2772 567 2832 XXXV.
588 2773 769 2833 Docentibus
785 2774 816 2831 in
834 2774 937 2834 Antio-
990 2764 1149 2829 XXXVII.
1173 2767 1219 2827 De
1237 2768 1359 2846 epistula
1373 2779 1488 2845 aposto·

480 2867 545 2926 chia
586 2867 839 2944 pseudoapostolis
880 2888 938 2927 cre·
1029 2859 1123 2920 lorum
1134 2879 1287 2939 perquam
1298 2872 1487 2940 precepemnt

480 2960 582 3020 dentes
601 2978 638 3020 ex
654 2960 799 3020 Gentibus
813 2961 935 3021 circum·
1029 2953 1085 3031 legi
1104 2955 1180 3015 mosi
1200 2973 1262 3015 non
1281 2974 1344 3016 esse
1359 2957 1485 3016 seruien-

479 3054 536 3114 cidi
555 3053 667 3126 debere,
691 3053 797 3113 Paulus
816 3064 845 3114 et
865 3054 936 3114 Bar·
1028 3046 1108 3108 dum·

479 3153 571 3212 nabas
599 3171 653 3230 pro
682 3152 736 3212 hac
765 3154 935 3230 quaestione

479 3246 718 3323 Hierosolymam
735 3245 933 3307 destinantur:

477 3341 527 3399 ubi
541 3338 644 3399 eadem
658 3341 828 3418 quaestione
843 3352 934 3414 mota,

477 3433 509 3492 fit
523 3434 694 3494 Conuentus
708 3434 933 3511 Apostolorum;

478 3538 507 3586 et
527 3528 616 3587 missa
633 3527 671 3587 ad
690 3526 789 3588 iratres
802 3529 934 3606 epistola,

476 3621 545 3697 quid
554 3620 706 3698 Euangelii
714 3623 821 3682 ueritas
829 3619 935 3683 habeat

477 3715 608 3775 edocent.

1544 3839 1658 3903 XXVI.
1694 3839 1819 3904 lacobus
1845 3841 1933 3906 docet
1954 3844 2042 3906 absti-

1583 3956 1652 3997 nere
1674 3939 1712 3997 ab
1737 3935 1844 3999 idola.
1866 3948 1895 3999 et
1917 3938 2040 4000 fornica-

1582 4032 1670 4093 tione.

1541 4314 1669 4376 XXVII.
1685 4315 1820 4393 Apostoli
1828 4311 2040 4393 eligtmt(·gant

1580 4409 1731 4490 cor.)quos
1740 4411 1855 4469 mittant
1863 4408 2039 4469 antiochiam

1580 4522 1647 4564 cum
1660 4503 1767 4564 litteris

434 4682 575 4745 XXXVI.
599 4685 748 4747 Ramabas
759 4697 877 4765 propter
887 4687 934 4747 Io·
986 4683 1161 4745 XXXVIII.
1218 4683 1263 4746 De
1303 4686 1485 4765 separatione
1538 4685 1684 4746 XXVIII.
1706 4685 1813 4748 Paulus
1840 4699 1870 4746 et
1897 4686 1981 4746 sileas
2004 4684 2037 4744 tl·

474 4779 602 4839 hannem
621 4780 809 4840 discedensa
831 4781 933 4852 Paulo,
1026 4781 1174 4839 barnabae
1197 4799 1216 4839 a
1242 4779 1330 4858 paulo
1353 4792 1383 4840 et
1407 4780 1485 4858 pauli
1577 4781 1727 4841 motheum
1742 4780 1991 4843 clrcumcidcmnt

465 4955 546 5002 Notae
556 4953 591 5000 ad
599 4953 663 5001 codd.
676 4953 711 5001 M.
723 4960 763 5001 etc.
798 4953 937 5002 XXXIIII.
956 4955 1146 5003 insecutiones
1154 4953 1252 5016 partim
1263 4953 1373 5003 amnuit
1383 4953 1412 5000 in
1424 4953 1461 5002 M.

465 5017 565 5067 XXXV
576 5018 716 5082 (XXXIIII
727 5019 809 5082 Mea).
828 5021 895 5068 daos
901 5019 1000 5083 partim
1008 5017 1117 5068 euanuit
1125 5018 1162 5067 M.
1221 5022 1401 5077 postmodum
1412 5018 1519 5068 amnuit
1530 5018 1560 5067 in
1570 5019 1607 5068 M.
1666 5033 1713 5068 om.
1724 5017 1909 5069 aBamh.Mct.
1970 5015 2035 5066 iude.

431 5083 578 5198 BXMXXVI
591 5147 702 5212 (XXXV
713 5147 795 5209 Μαι).
812 5148 857 5200 cel.
871 5149 960 5199 Bamb.
1025 5164 1074 5214 que
1085 5147 1173 5198 Bamb.
1235 5153 1326 5200 oltra:
1342 5149 1408 5199 circa
1419 5148 1508 5198 Bamb.
1575 5147 1735 5198 tribulatione
1746 5148 1774 5197 M
1787 5149 1849 5198 Met.
1915 5148 2034 5206 sdtptmt

425 5221 506 5278 paene
516 5213 624 5263 euanuit
634 5214 662 5262 M
672 5229 679 5275 ;
695 5219 718 5261 ct
729 5229 818 5262 reum
825 5214 955 5263 delendum
965 5214 1076 5276 uidetur,
1085 5230 1141 5263 cum
1151 5213 1256 5280 adipisci
1267 5220 1292 5265 ct
1300 5214 1400 5264 introire
1411 5230 1443 5262 ex
1450 5213 1561 5263 duarum
1573 5215 1704 5263 lectionum
1714 5214 1860 5278 conflatione
1867 5212 2034 5276 desimam

430 5280 536 5328 utiicad
544 5281 592 5330 xiv.
606 5293 643 5331 aa.
710 5278 837 5344 praeualet
847 5280 936 5328 Bamh.
948 5281 1009 5330 Met.
1075 5283 1177 5330 ohrlatl
1200 5280 1308 5328 euanuit
1329 5279 1356 5328 M
1423 5279 1596 5343 conpellebant
1608 5280 1647 5329 Μ’
1657 5281 1720 5331 Met.

464 5344 592 5394 XXXVII
605 5345 730 5410 (XXXVI
743 5345 824 5409 Met).
842 5344 946 5409 epistola
958 5345 986 5394 M
996 5343 1086 5395 Bamb.
1137 5359 1252 5410 praecep.
1262 5345 1324 5394 Met.
1373 5345 1661 5406 tantumtantum
1678 5345 1733 5411 lege
1745 5347 1806 5395 Met.
1857 5344 2033 5410 moyslBamb.

431 5409 606 5527 MXXXVIII
620 5476 760 5541 (XXXVII
772 5477 855 5541 Mea).
876 5475 984 5528 barnabe
1001 5476 1100 5541 Βακὰ,
1120 5475 1230 5527 barneba
1247 5474 1284 5524 M.
1367 5479 1470 5535 paulos
1486 5492 1552 5543 pauo
1569 5477 1658 5531 Baml.
