4740 6600
676 723 746 783 DE
765 723 991 810 CAPITULA
1002 721 1222 784 TIONIBUS
1243 722 1367 784 DONA
1377 720 1586 784 TISTICIS.

361 1629 436 1705 nr.
469 1626 1029 1706 111111111111111115
1063 1626 1239 1702 nonis
1270 1623 1529 1701 conicnrr
1560 1623 1856 1713 Mnrnnsrs,

604 1772 614 1788 ‘
650 1793 1026 1886 Monacensis,
1060 1794 1132 1868 Er
1171 1792 1613 1870 santonicensis.

421 2060 492 2111 Haec
508 2060 688 2127 capitulasere
704 2071 765 2111 11111
783 2075 895 2124 numero,
907 2074 969 2124 quae
982 2059 1113 2123 imepiunt
1124 2061 1163 2109 De
1174 2059 1289 2124 passione
1304 2065 1357 2120 co„
1367 2074 1399 2107 cx
1409 2058 1458 2108 cod.
1470 2058 1617 2107 Monacensi
1630 2056 1705 2121 6230,
1715 2071 1776 2106 saec.
1788 2067 1856 2107 111-11

520 2139 578 2205 (qui
587 2146 623 2189 est
635 2140 662 2189 M
674 2145 757 2189 noster
766 2139 796 2187 in
808 2137 922 2207 Actibus)
935 2152 1003 2186 anno
1016 2138 1077 2201 1891
1089 2137 1219 2201 descripsit
1229 2139 1267 2188 H.
1269 2137 1298 2203 J.
1314 2136 1404 2188 While.
1440 2136 1494 2198 Qui
1501 2151 1557 2184 cum
1568 2137 1598 2184 in
1609 2136 1644 2186 eis
1649 2136 1730 2200 plura
1741 2135 1857 2186 animad-

519 2218 633 2267 uersionc
647 2217 727 2281 digm
740 2216 879 2265 obseruaret
894 2215 957 2263 alios
969 2214 1057 2264 codices
1073 2215 1211 2279 requisiuil
1226 2215 1255 2263 in
1272 2214 1363 2280 qus'bus
1378 2213 1461 2263 eodem
1479 2216 1524 2263 uel
1533 2212 1631 2262 similia
1642 2219 1857 2264 conseruarentur.

519 2296 591 2345 Duos
601 2311 657 2343 cum
669 2293 798 2342 inueniret
808 2293 839 2341 ab
850 2292 929 2341 amico
940 2297 1023 2340 nestro
1033 2292 1061 2340 S.
1073 2292 1168 2355 Bergcr
1178 2291 1207 2339 in
1218 2292 1281 2340 libra
1291 2307 1336 2340 suo
1341 2291 1453 2356 perutili
1464 2290 1590 2341 ‘Histoire
1600 2291 1629 2339 de
1639 2292 1665 2340 la
1682 2292 1787 2354 Vanae
1796 2291 1804 2311 ⁹
1812 2298 1854 2340 etc.

515 2380 545 2438 p.
558 2385 605 2437 357
616 2372 700 2430 citari,
714 2371 757 2420 har
767 2371 843 2419 ettam
860 2368 1015 2433 conferendos
1031 2369 1141 2420 curauit.
1169 2369 1289 2432 Capitula
1300 2368 1349 2419 eod.
1361 2367 1550 2432 Bambergensis
1562 2370 1594 2418 A.
1606 2383 1625 2417 1.
1638 2378 1659 2431 7.
1668 2384 1728 2417 saec.
1739 2379 1797 2425 1111,
1808 2368 1855 2416 uir

517 2450 601 2499 doctm
617 2448 726 2508 Fischer,
744 2446 951 2508 bibliothecarius,
967 2445 1150 2496 humanissime
1169 2447 1251 2495 nostri
1269 2461 1344 2495 causo
1360 2445 1510 2509 exscripsit;
1531 2446 1641 2511 capitula
1658 2446 1706 2498 cod.
1724 2446 1852 2506 Metensis,

518 2542 578 2580 saec.
591 2538 620 2576 111
638 2525 760 2585 ineuntis,
772 2526 824 2589 ipse
836 2540 904 2574 anno
917 2537 978 2588 1901
995 2524 1127 2587 exscripsit
1143 2525 1180 2576 11.
1190 2525 1221 2590 J.
1237 2523 1329 2575 While.
1362 2524 1415 2574 His
1431 2523 1552 2573 codicibus
1568 2523 1666 2572 muniti
1681 2529 1776 2573 textum
1793 2524 1856 2573 sotis

518 2604 617 2664 bmunr,
628 2604 742 2653 adhibita
753 2603 857 2652 subinde
868 2603 1015 2662 coniectura,
1028 2602 1213 2651 constituimus.
1254 2627 1256 2630 ·

418 2681 488 2731 Haec
504 2681 624 2746 capitula,
635 2696 776 2745 numquam
792 2687 866 2729 antea
877 2682 944 2745 quod
952 2680 1045 2728 scimur
1055 2680 1182 2743 euulgota,
1193 2679 1348 2745 singularem
1362 2679 1486 2745 quodam
1497 2680 1576 2728 mum
1586 2679 1696 2728 obtinent
1707 2680 1736 2728 in
1747 2679 1855 2729 historia
1924 2718 1926 2722 .

514 2758 673 2808 ecclesiastica
681 2760 716 2809 Ν.
730 2760 760 2810 Τ.
771 2757 857 2819 latini,
864 2763 888 2807 et
898 2757 928 2805 in
936 2757 983 2805 hac
993 2774 1020 2806 re
1029 2773 1086 2805 cum
1095 2757 1258 2806 Pnscilliani
1264 2757 1400 2806 canonibus
1409 2758 1437 2806 in
1448 2757 1567 2821 epistulas
1576 2757 1703 2807 Paulines
1713 2757 1857 2823 comparari

514 2836 606 2888 debent.
643 2837 711 2901 Opus
725 2836 793 2885 eninr
808 2842 869 2883 sunt
883 2835 1032 2884 Donatistae
1046 2835 1177 2884 cuiusdam
1194 2835 1242 2900 qui
1257 2836 1286 2883 in
1298 2835 1403 2885 Actibus
1419 2835 1534 2884 sectiones
1550 2834 1683 2884 adnmauit
1697 2835 1856 2900 opinionibus

514 2920 589 2962 sectae
604 2929 664 2963 suae
675 2912 868 2978 propugnandis
884 2912 966 2963 utiles.
1002 2913 1084 2962 Cuius
1099 2912 1139 2962 rei
1152 2914 1263 2978 exempla
1276 2920 1338 2961 sunt
1348 2912 1482 2979 praecipue
1496 2920 1548 2977 cap.
1560 2924 1643 2962 1111111
1655 2913 1696 2963 De
1710 2914 1857 2963 anctoritate

516 2991 618 3056 publica
631 2991 698 3057 qnod
710 2993 783 3042 rebus
794 2990 885 3040 diuinis
896 3005 1031 3055 numquam
1043 3006 1069 3040 se
1080 2991 1252 3056 interposuerit
1264 2997 1288 3040 et
1299 3001 1355 3040 va
1367 2992 1407 3040 De
1417 2990 1562 3041 anctoritate
1569 2991 1710 3056 baptizandi
1720 2991 1806 3052 (Met.)
1816 2991 1860 3041 uel

514 3069 680 3132 rebaptizandi
698 3067 738 3132 (M
758 3066 870 3130 Bam).
914 3068 1044 3130 Primum,
1066 3084 1098 3118 ex
1117 3084 1165 3133 quo
1186 3074 1289 3133 apparet
1314 3068 1453 3118 Gallionem
1468 3075 1517 3132 pro
1534 3069 1627 3119 doctore
1651 3067 1856 3119 Christianorum

514 3160 532 3193 a
547 3147 694 3197 Donatistis
712 3147 836 3209 habitum,
853 3146 918 3195 docet
933 3146 1043 3211 capitula
1055 3154 1111 3212 post
1127 3162 1226 3196 annum
1244 3155 1291 3209 347
1308 3146 1445 3210 composito.
1458 3162 1507 3211 quo
1521 3161 1590 3195 anno
1605 3147 1724 3197 Donatus
1743 3147 1856 3211 Magnus

516 3239 597 3274 uocem
610 3225 683 3274 illam
703 3224 860 3274 notissimam
876 3223 960 3272 emisit
976 3225 1066 3286 ‘Quid
1079 3232 1115 3275 ert
1131 3224 1277 3289 imperatori
1292 3239 1348 3273 cum
1359 3222 1495 3296 ‚ecclesioi'
1529 3225 1586 3274 Mos
1601 3224 1773 3290 rebaptizandi
1789 3225 1858 3275 inter

514 3302 665 3352 Donatistas
677 3301 810 3367 antiquior
820 3309 856 3351 est
871 3309 902 3350 ut
911 3308 983 3366 patet
997 3317 1028 3352 ex
1043 3318 1148 3352 censura
1159 3302 1261 3367 prolato
1274 3318 1291 3351 a
1302 3302 1399 3365 Synodo
1409 3303 1455 3351 sub
1465 3302 1585 3352 Miltiade
1595 3317 1663 3352 anno
1674 3314 1731 3365 313.
1762 3303 1856 3352 Locum

514 3385 597 3429 tamen
616 3387 729 3430 nostrum
743 3382 809 3445 (Act.
822 3381 870 3429 xix.
884 3378 943 3443 1-7)
956 3380 985 3429 de
1000 3381 1129 3446 discipulis
1141 3379 1239 3444 Ephesi
1248 3386 1305 3445 post
1320 3379 1470 3444 baptismum
1481 3380 1606 3430 Iohannis
1621 3380 1701 3430 &nuo
1716 3379 1856 3446 baptisatis,

510 3457 573 3506 citat
585 3459 691 3522 Optatus
708 3458 881 3508 Milcuitanus
902 3458 952 3508 ‘De
969 3457 1067 3507 schism.
1082 3456 1157 3508 Don.’
1170 3470 1197 3510 v.
1209 3471 1233 3521 5,
1240 3458 1327 3522 patim
1343 3465 1373 3506 ut
1389 3458 1521 3507 ueritatem
1534 3459 1615 3508 doceat
1629 3474 1705 3524 quam
1718 3465 1749 3506 ut
1762 3474 1856 3508 errores

514 3535 611 3600 refellat
618 3554 630 3597 ;
646 3537 810 3601 Augustinus
827 3551 885 3585 uero
902 3538 1002 3585 ‘contro
1018 3537 1068 3586 litt.
1085 3537 1170 3585 Perit
1182 3535 1217 3588 11.
1230 3548 1341 3586 1111111111.
1355 3540 1369 3596 ς
1384 3537 1414 3599 85
1432 3539 1499 3601 (tom.
1512 3537 1546 3586 ix.
1559 3543 1588 3601 p.
1605 3538 1663 3602 ¹44)
1674 3536 1741 3585 cirea
1756 3551 1855 3586 annum

515 3613 572 3676 398,
584 3615 645 3664 citat
655 3621 678 3664 et
690 3620 814 3678 retorquet
823 3615 950 3664 petiliani
960 3620 1110 3679 argusmnto
1122 3631 1153 3664 ex
1164 3614 1208 3665 hoc
1222 3616 1270 3664 loco
1285 3615 1336 3679 ipso
1347 3621 1445 3674 tracta‚·
1467 3614 1497 3678 cf
1508 3621 1532 3664 ct
1545 3616 1599 3665 ‘Dc
1609 3615 1683 3663 onim
1693 3615 1757 3680 bapt.
1768 3622 1855 3665 contra

515 3691 598 3742 Petit!
607 3701 656 3744 vll.
669 3697 705 3757 §9
715 3694 786 3758 (tom.
795 3693 828 3742 ix.
832 3700 862 3757 p.
872 3707 885 3757 5
889 3693 939 3757 31).
961 3694 1008 3743 Ex
1016 3708 1063 3759 quo
1074 3693 1209 3742 conicimus
1219 3692 1278 3743 haee
1288 3692 1397 3759 capitula
1408 3692 1560 3759 circafinenr
1570 3703 1671 3744 soec.1v
1682 3693 1788 3758 confecta
1797 3709 1854 3745 esse.

413 3766 473 3816 Huc
489 3767 564 3818 elsam
582 3771 711 3820 trahimus
730 3778 799 3836 capp.
818 3782 856 3820 xx
875 3777 986 3821 clxxvi
1007 3786 1069 3837 quae
1088 3772 1172 3821 docem
1189 3772 1340 3836 baptirmm
1357 3785 1407 3818 non
1423 3770 1479 3819 sine
1494 3770 1660 3820 imtructione
1671 3770 1782 3834 praeuio
1798 3786 1854 3820 con·

503 3845 642 3910 serendum
654 3864 710 3900 esse.
739 3849 887 3899 Donatistae
896 3849 966 3899 enim
978 3864 1062 3898 omnes
1072 3864 1110 3898 eos
1120 3848 1168 3914 qui
1177 3849 1245 3898 adse
1255 3847 1435 3913 confugiebant,
1446 3848 1522 3899 urant
1537 3848 1654 3913 episoma
1664 3854 1689 3896 et
1693 3848 1855 3911 presbyteros,

510 3925 693 3974 catechumenos
702 3924 832 3990 faciehant
843 3928 923 3991 (Aug.
935 3928 992 3976 ‘De
1002 3927 1076 3977 unico
1087 3927 1152 3992 bapt.
1162 3932 1249 3976 contra
1259 3924 1343 3979 Petit·
1354 3937 1395 3975 111.
1409 3930 1421 3985 5
1437 3939 1475 3991 19,
1486 3931 1544 3975 tom.
1557 3926 1591 3974 ix„
1598 3931 1627 3990 p.
1638 3923 1698 3989 536)
1709 3931 1733 3976 et
1738 3931 1850 3990 paganos

511 4016 535 4051 se
546 4017 594 4051 esse
600 4003 719 4068 profiteri
727 4004 765 4052 eis
769 4005 953 4067 permadebant
965 4005 1060 4069 (Epist.
1073 4014 1162 4067 xxxv,
1174 4011 1232 4055 tom.
1244 4004 1271 4054 ii.
1278 4011 1307 4070 p.
1318 4001 1370 4064 66).
1617 4006 1620 4011 ⁴

414 4076 514 4127 Deinde
524 4079 591 4144 quod
598 4079 696 4128 dece‘tur
705 4089 756 4146 cap.
765 4093 812 4131 xm
835 4082 876 4132 De
886 4081 1016 4132 colummis
1026 4097 1088 4147 qnos
1099 4082 1197 4140 sanctis,
1206 4082 1324 4132 societate
1334 4082 1476 4145 forensium,
1484 4082 1598 4148 doctores
1608 4096 1705 4146 semper
1716 4080 1807 4131 islensi
1811 4082 1846 4131 mi

511 4156 684 4208 machinantur
698 4175 730 4210 er
739 4165 814 4223 parte
826 4160 1022 4210 Donaomon
1032 4160 1162 4225 prolatum
1178 4159 1288 4220 uidetur,
1299 4175 1407 4224 quorum
1418 4159 1567 4224 Agrnirts’ei
1578 4160 1628 4221 uel,
1638 4165 1668 4208 ut
1680 4175 1697 4209 a
1710 4159 1844 4210 Catholicis

511 4235 670 4296 nudantur,
686 4238 707 4287 C
707 4236 910 4302 irrumcelliones,
918 4245 968 4302 per
981 4238 1049 4287 ustos
1065 4237 1288 4287 circumcursantes
1301 4239 1387 4287 omnia
1396 4237 1580 4301 perturbabant
1597 4244 1621 4287 et
1631 4239 1733 4288 ‘contro
1746 4237 1846 4288 decreto

510 4309 641 4364 Cnessris'
652 4314 801 4379 jaciebam
825 4316 856 4383 ej.
877 4319 933 4369 Act.
954 4317 1014 4366 xvii.
1035 4327 1083 4382 5-7
1102 4332 1159 4365 cum
1181 4317 1209 4394 S..
1230 4316 1374 4380 Augustini
1394 4316 1453 4365 locis
1475 4331 1492 4365 a
1515 4315 1634 4366 Gieselcro
1654 4315 1738 4365 citatsi
1758 4314 1847 4366 ‘mse

510 4390 588 4442 Eccl.’
599 4393 621 4442 1.
635 4397 647 4452 ς
664 4393 704 4443 86.

418 4467 500 4520 Porro
514 4471 646 4521 muliones
653 4472 750 4538 aliqrcol
759 4473 898 4538 Africanas
904 4473 934 4523 in
945 4473 986 4523 his
996 4473 1115 4540 copuulis
1125 4472 1302 4533 obsentiamus,⁴
1312 4470 1408 4536 legitur
1413 4472 1481 4522 enim
1492 4471 1613 4524 insecutio
1618 4477 1668 4536 pro
1673 4470 1848 4538 perseeutione,

511 4550 623 4615 sospitas.
635 4550 777 4612 credulitas,
788 4552 892 4602 actitare
902 4559 926 4602 et
928 4551 1022 4617 forsan
1030 4552 1092 4603 alia.
1125 4551 1273 4602 Notandum
1281 4550 1358 4601 ersom
1369 4557 1405 4600 est
1414 4557 1537 4600 auctorem
1541 4549 1661 4615 sabuhm
1669 4549 1845 4601 Simenianom

510 4629 648 4692 cogrnuisse
661 4627 690 4689 (c.
700 4627 798 4691 xviri),
808 4636 833 4679 et
842 4636 913 4679 textu
925 4629 1083 4680 ‘occidentali
1089 4629 1096 4649 ‘
1108 4645 1182 4681 usum
1194 4643 1242 4680 osse
1255 4630 1284 4696 (c.
1297 4640 1385 4680 xxxiv
1396 4645 1403 4690 3
1420 4629 1478 4679 uide
1485 4629 1522 4678 ad
1530 4631 1584 4678 Act.
1596 4628 1644 4678 xiv.
1658 4628 1694 4694 a).
