4808 6594
926 723 932 734 ’
974 739 1123 801 nonus
1143 698 1493 800 nposroronnn.

666 907 688 957 v
1076 906 1164 955 namu.
1177 906 1209 954 A.
1222 905 1242 953 1.
1253 916 1274 969 7,
1286 905 1345 954 Met.
1361 914 1383 967 7.
1766 899 1790 950 G

432 1226 531 1286 XXII.
583 1225 738 1286 Cornelius
778 1224 926 1297 Centurio,
980 1225 1077 1284 XXV.
1100 1224 1145 1285 Dc
1160 1225 1238 1285 lame
1252 1225 1420 1303 apostolica.
1450 1235 1479 1285 et
1531 1215 1645 1278 XVIII·
1667 1216 1714 1275 De
1726 1214 1856 1276 cornelio
1865 1214 2031 1275 centurione

471 1335 610 1385 monente
621 1323 747 1400 Angeia
759 1323 879 1382 Petrum
890 1322 928 1381 ad
1020 1320 1195 1379 reuelatione
1216 1319 1315 1379 diuina
1333 1319 1413 1398 quod
1427 1319 1477 1379 de·
1573 1311 1611 1371 ad
1631 1321 1714 1389 petro
1730 1321 1759 1370 ct
1774 1327 1833 1386 quo
1854 1309 1974 1368 linteum
1992 1306 2029 1366 dc

472 1437 503 1479 se
527 1418 718 1477 imbuendum
740 1418 862 1476 inuitat:
882 1418 928 1477 cui
1021 1415 1107 1474 beant
1128 1415 1219 1474 sancti
1234 1423 1370 1474 mactare.
1411 1413 1476 1477 †uel
1570 1406 1653 1465 caelo
1681 1423 1749 1464 cum
1778 1402 1953 1463 animalibus
1981 1401 2033 1462 de·

471 1531 540 1572 mox
562 1512 664 1572 Petrus
683 1522 712 1570 et
733 1513 795 1590 ipse
816 1512 927 1571 uisione
1020 1508 1165 1585 qualibett
1180 1507 1318 1568 alimonia
1332 1508 1437 1567 satiari.
1570 1499 1683 1560 scendit
1698 1499 1735 1558 ad
1749 1508 1874 1576 petrum

471 1605 586 1666 caelesti
600 1606 768 1665 admonitus
782 1605 915 1666 occurrit.

432 2061 550 2121 XXIII.
589 2062 731 2124 Ueniente
754 2064 928 2124 Caesaream
981 2060 1094 2120 XXVI.
1115 2061 1161 2120 De
1183 2060 1327 2137 baptisma
1351 2059 1478 2120 comelii.

471 2157 558 2216 Petro
571 2153 654 2237 (petit
674 2157 754 2237 roal),
775 2157 929 2218 Cornelius
1022 2165 1051 2214 et
1075 2174 1136 2214 non
1162 2154 1342 2232 baptizandis
1363 2153 1409 2212 his
1429 2154 1478 2231 qui

471 2251 614 2310 uisionem
648 2251 755 2330 Angeli
794 2250 929 2328 replicat:
1022 2249 1155 2309 nondum
1181 2249 1287 2308 fuerim
1313 2248 1415 2307 ordine
1435 2248 1479 2306 di·

471 2354 500 2404 et
520 2345 621 2403 audito
643 2345 680 2403 ab
701 2363 738 2405 eo
757 2344 812 2403 Dei
827 2345 929 2416 uerbo,
1022 2344 1090 2403 uine
1104 2344 1231 2404 ueritatis
1246 2343 1384 2402 instructi.

473 2437 595 2515 Spiritus
617 2438 715 2498 Sancti
743 2439 836 2516 gratia
863 2456 929 2497 cum

472 2532 539 2602 suis,
558 2541 587 2591 et
613 2540 680 2590 ante
713 2533 930 2609 perceptionem

472 2628 613 2707 Baptismi
627 2630 818 2706 perfunditur.

432 3168 544 3231 XXIV.
566 3172 677 3245 Petrus,
702 3172 930 3250 disceptantibus
982 3166 1110 3228 XXVII.
1131 3165 1177 3228 De
1194 3169 1328 3245 gentibus
1341 3169 1481 3246 quemad·
1534 3168 1667 3233 XVIIII
1693 3168 1831 3247 Discipuli
1846 3166 2033 3229 inantiochia

472 3277 574 3326 contra
596 3285 627 3326 se
642 3266 767 3338 Iudaeis,
784 3285 836 3326 cur
849 3264 929 3327 Gen·
1022 3263 1141 3322 modurn
1167 3262 1318 3323 exordium
1344 3263 1481 3322 credendi
1574 3264 1771 3344 cognominati
1785 3262 1940 3325 christiani.

473 3362 549 3419 tibus
562 3361 785 3438 praedicanerit3
807 3371 839 3420 ut
858 3358 929 3421 haec
1021 3357 1169 3417 inebriato
1184 3358 1372 3436 sumpsissent
1385 3358 1423 3417 ad
1437 3359 1482 3417 in·

473 3453 618 3514 Diuinitus
645 3454 750 3514 fuerint
775 3466 931 3532 procurata
1021 3451 1322 3530 uidiamasemetipso
1333 3453 1482 3530 apostolus

473 3547 661 3609 demonstrat.
1021 3544 1222 3621 depellendam
1231 3547 1356 3605 insinuat
1365 3547 1482 3606 iudaeis.

433 3640 531 3706 XXV,
551 3642 705 3704 Foenicem
720 3660 816 3721 usque
830 3652 858 3703 et
872 3644 930 3721 Cy·
981 3637 1127 3698 XXVIII.
1150 3640 1196 3698 De
1215 3640 1419 3701 exhortatione
1439 3641 1480 3699 di·

473 3755 559 3814 prum
570 3749 598 3798 et
608 3737 794 3797 Antiochiam
806 3739 929 3796 uerbum
1022 3732 1199 3810 scipulorum
1226 3734 1335 3794 christi.
1386 3746 1417 3793 ut
1444 3736 1482 3794 ab

473 3830 625 3907 Euangelii
654 3831 877 3890 disseminatur:
902 3841 930 3889 et
1022 3826 1162 3904 apostolis
1177 3828 1361 3888 commoniti.
1385 3827 1482 3888 salutis

474 3923 504 3981 in
512 3923 668 3982 Antiochia
681 3925 852 3983 docentibus
860 3923 930 3983 Bar·
962 3940 966 3948 ·
1021 3922 1143 3979 uerbum
1150 3920 1481 4000 gentibusloquerentur.

475 4016 551 4075 naba
572 4026 601 4075 et
621 4015 721 4088 Paulo,
738 4018 867 4092 primum
887 4019 930 4077 di-

474 4108 577 4186 scipuli
591 4108 746 4168 Christiani
761 4120 911 4169 uocantur.

435 4200 548 4262 XXVI.
571 4202 932 4282 Agaboiamemprophe-
984 4200 1145 4260 XXVIIII.
1157 4200 1481 4261 Decollationelratrum
1534 4205 1603 4264 XX.
1627 4205 1749 4283 Agabus
1770 4203 1821 4262 ubi
1845 4202 1952 4263 samem
1977 4203 2033 4261 sub

475 4307 562 4367 tante,
591 4295 740 4355 Barnabas
771 4307 799 4357 et
830 4297 933 4357 Saulus
1025 4312 1099 4372 quae
1109 4296 1138 4355 in
1148 4295 1321 4354 hierusalem
1331 4297 1484 4357 sanctisest
1575 4300 1689 4361 claudio
1710 4316 1829 4359 caesare
1850 4297 1974 4357 futuram
1995 4297 2031 4354 si·

475 4390 512 4450 de
531 4389 688 4449 Antiochia
707 4390 846 4450 iudaeam
865 4411 932 4451 cum
1025 4390 1176 4448 destinata.
1212 4400 1241 4449 et
1269 4390 1364 4450 iacobi
1397 4392 1482 4450 inter·
1573 4394 1698 4472 gnificat.

476 4482 665 4561 eleemosynis
680 4484 838 4544 mittuntur.
1025 4482 1112 4544 sectio
1133 4485 1171 4542 ab
1192 4483 1309 4544 herode.
1337 4493 1365 4544 et
1379 4484 1481 4544 libera·

1026 4579 1103 4638 tlone
1118 4577 1190 4655 petri
1204 4596 1257 4655 per
1272 4579 1418 4655 angelum.

470 5126 552 5202 Notae
563 5127 599 5174 ad
606 5127 671 5178 codd.
684 5129 772 5179 Bamb.
783 5136 825 5179 etc.
859 5131 942 5181 XXV.
958 5137 1087 5182 meamne.
1100 5132 1167 5190 †uel
1177 5136 1325 5196 qualib-ets
1342 5134 1379 5182 ita
1391 5134 1520 5198 legendum
1531 5135 1655 5184 credimus
1666 5151 1673 5184 ε
1689 5141 1805 5185 mactare.
1816 5149 1866 5200 qua
1878 5132 1918 5185 nel
1929 5133 2035 5194 Bamb.;

437 5195 605 5305 mactnn‹1:.i
616 5193 692 5253 Met.;
710 5194 739 5258 (ᾗ
752 5194 788 5242 ad
793 5198 849 5244 Act.
861 5212 884 5244 x.
900 5210 928 5259 13
940 5212 986 5261 seq.

470 5256 545 5306 XXV
563 5295 568 5308 .
585 5273 670 5307 osma
688 5259 768 5309 nm.

471 5267 688 5385 XXV11.(XXV

471 5387 587 5437 XXVIII
602 5388 717 5453 (XXVII
729 5391 812 5455 Men).
828 5398 907 5441 exort.
919 5394 980 5443 Met.
1049 5397 1198 5445 communiti
1210 5396 1299 5446 Bamb.
1365 5396 1500 5459 gentilibus
1511 5397 1572 5446 Met.

472 5451 603 5504 XXVIIII
616 5454 744 5519 (XXVIII
756 5456 838 5522 Men).
855 5474 903 5524 que
916 5458 1004 5508 Bomb.
1047 5461 1137 5512 iberus.
1147 5461 1237 5512 Bamb.
1288 5462 1405 5512 distinata
1417 5462 1479 5514 Met.
1529 5462 1770 5515 interieotlocodd.
1783 5478 1790 5511 r
1803 5461 1853 5527 Iege
1861 5461 2034 5515 interiectione.

439 5532 486 5568 om.
495 5524 525 5567 et
533 5521 718 5570 liberatione.
733 5557 756 5571 ..
770 5526 900 5580 angelum
913 5525 975 5574 Met.

691 5323 702 5372 1
714 5325 744 5373 in
754 5324 803 5376 cod.
814 5327 889 5390 Met.)
899 5332 975 5376 semet
988 5326 1054 5386 (sine
1065 5330 1131 5395 ipso)
1145 5331 1208 5380 Met.
1274 5329 1353 5381 iudeis
1364 5329 1454 5380 Bamb.
1522 5337 1551 5387 >
1561 5330 1656 5382 ludaeis
1667 5331 1774 5382 insinuat
1783 5331 1846 5381 Met.

1216 5624 1241 5672 D
