4808 6594
812 728 960 790 ACTUS
979 724 1328 787 APOSTOLORUM.

892 897 929 947 u.
941 896 1029 945 nami.
1041 896 1073 943 A.
1082 894 1105 944 1.
1114 904 1137 958 t·
1149 895 1209 945 Met.
1223 907 1245 957 t·

860 1211 1049 1272 sollicitudine
1066 1228 1141 1286 quae
1160 1208 1314 1287 epistulam

859 1306 1060 1383 apostolorum
1069 1303 1317 1382 implericiuitates

860 1401 993 1460 circuens
1007 1399 1185 1458 hortabatur.

820 1493 1010 1554 XXXVIIII.
1034 1492 1080 1551 De
1098 1493 1184 1552 rebus
1202 1501 1317 1551 contra-

861 1589 910 1648 riis
923 1598 955 1646 ut
964 1586 1069 1665 paulus
1079 1585 1251 1646 timotheum
1262 1586 1317 1644 cir-

861 1682 1059 1742 cumcideret.
1076 1691 1104 1738 et
1119 1679 1317 1757 apostolorum

861 1785 966 1835 statuta
1009 1774 1155 1852 discipulis
1199 1772 1318 1833 sollicite

862 1868 1089 1929 commendaret.

274 1974 433 2037 XXXVII.
465 1973 636 2034 Prohibetur
663 1971 772 2031 Paulus

313 2071 393 2148 loqui
420 2069 543 2128 uerbum
572 2068 601 2126 in
623 2067 696 2126 Asia
724 2064 771 2124 uel

313 2165 446 2236 Bithinia,
468 2173 497 2223 et
513 2162 704 2223 Macedoniae
719 2178 772 2237 po-

314 2261 372 2319 tius
407 2259 606 2336 euangelizare
640 2257 771 2314 iubetur:

314 2354 364 2412 ubi
384 2352 554 2422 adueniens,
576 2350 700 2428 primam
715 2346 773 2425 Ly·

315 2448 394 2506 diam
416 2445 615 2522 purpurariam
631 2442 773 2501 conuertit

315 2541 354 2600 ad
367 2540 537 2599 Dominum.

311 1223 430 1300 nauigat
445 1221 591 1299 Cyprum3
613 1229 642 1277 et
663 1217 770 1277 Paulus

312 1310 768 1392 electoSylaperuenitLystram,

313 1412 363 1470 ubi
392 1407 581 1468 Timotheum
612 1406 770 1465 adsumens

313 1502 502 1563 circumcidit.

1373 1959 1537 2020 XXVIIII.
1561 1961 1716 2021 Somnium
1738 1961 1816 2039 pauli
1836 1961 1872 2020 de

1414 2057 1477 2115 uiro
1492 2055 1663 2115 macedone.

1377 2523 1474 2583 XXX.
1513 2524 1558 2585 De
1593 2525 1671 2603 lydla
1703 2526 1875 2603 purpuraria

1415 2637 1482 2678 cum
1497 2621 1556 2680 suis
1570 2620 1723 2697 baptizata.

825 2798 890 2861 XL.
905 2799 951 2859 De
963 2798 1063 2876 spiritu
1076 2798 1213 2876 pythonis
1225 2798 1324 2875 fugato
1377 2798 1490 2860 XXXI.
1513 2799 1620 2860 Paulus
1631 2801 1703 2859 eicet
1712 2801 1874 2877 phytonem

275 2812 451 2874 XXXVIII.
472 2813 556 2873 Idem
577 2811 771 2889 pythonema

316 2906 410 2985 puella
435 2907 533 2966 eiecit:
568 2917 597 2964 et
624 2912 773 2964 commota

315 3002 431 3061 ciuitate
445 2998 608 3076 flagellatus
622 3017 690 3058 cum
715 2996 773 3055 Sila

315 3096 422 3156 carceri
431 3095 531 3154 datur:
554 3094 604 3171 qui
616 3091 772 3152 aDomIno

316 3190 403 3250 soluti
430 3189 622 3248 carcerarium
645 3185 773 3247 catechi-

866 2895 947 2952 cuius
989 2911 1078 2952 causa
1119 2892 1221 2968 paulus
1256 2910 1324 2951 cum

866 2987 967 3047 ceteris
1009 2986 1187 3065 grauissimis
1230 2986 1325 3064 plagis

865 3082 998 3142 adlectus
1043 3081 1121 3142 lacto
1169 3091 1324 3140 terremotu

866 3194 934 3236 cum
957 3184 1034 3236 esset
1057 3176 1152 3234 iussus
1174 3174 1259 3233 educi
1287 3172 1324 3233 de

866 3288 980 3330 carcere
1005 3269 1100 3330 ciuem
1123 3287 1154 3329 se
1177 3267 1324 3345 professus

1417 2892 1545 2952 mulieris
1570 2895 1690 2953 ancillae
1713 2895 1764 2953 sed
1792 2894 1875 2972 plebs

1418 2987 1537 3063 paulum
1564 2998 1594 3047 et
1622 2988 1722 3048 sileam
1752 2991 1783 3047 in
1811 2989 1876 3050 loro

1417 3081 1580 3158 perducunt
1595 3125 1602 3141 .
1617 3099 1692 3159 quos
1719 3101 1820 3143 caesos
1844 3085 1875 3143 ln

1418 3193 1540 3234 neruum
1589 3177 1738 3235 miserunt.
1800 3175 1875 3237 Item

1417 3279 1508 3329 terrae
1529 3281 1641 3330 motum
1663 3269 1771 3329 lactum
1789 3271 1875 3331 soluti

316 3294 413 3344 zatum
427 3283 583 3361 baptizant.

1417 3357 1508 3441 (soliti
1528 3363 1602 3444 cod.)
1626 3374 1692 3424 sunt
1707 3408 1714 3423 .
1728 3374 1757 3423 et
1777 3375 1875 3425 custos
1923 3364 1925 3371 '

1418 3458 1541 3517 carceris
1553 3475 1619 3518 cum
1635 3459 1693 3518 suis
1706 3459 1875 3536 baptizatus.

1377 3550 1510 3609 XXXII.
1546 3550 1734 3626 Magistratus
1767 3550 1876 3633 (alitus

1417 3645 1487 3721 cod.)
1502 3645 1581 3704 lubet
1594 3645 1699 3704 dimitti
1713 3646 1749 3704 de
1761 3664 1875 3705 carcere

1418 3739 1567 3815 apostolos
1580 3736 1685 3817 l-lus*)
1698 3739 1787 3816 paulo
1805 3758 1875 3799 con·

1419 3837 1583 3896 tradicente.

827 3933 908 3994 XLI.
922 3931 1325 4010 Decatumniisquassanetis
1378 3930 1523 3990 XXXIII.
1552 3931 1651 3991 Iudaei
1672 3932 1803 3991 iasonem
1823 3949 1875 3990 uo-

867 4029 1005 4086 societate
1020 4026 1177 4085 sorensium
1191 4025 1326 4084 doctores
1418 4025 1479 4083 lunt
1494 4024 1606 4084 trahere
1621 4043 1674 4102 pro
1688 4025 1783 4103 paulo.

868 4138 984 4199 semper
1029 4119 1172 4180 falsissimi
1217 4118 1326 4178 machi·
1561 4121 1566 4132 '

868 4225 983 4274 nantur.

866 3375 910 3424 eSI
924 3383 988 3424 esse
1004 3381 1166 3423 romanum.

277 3934 422 3995 XXXIX.
463 3934 701 3994 Praedicantibus
744 3933 774 3991 in

318 4027 531 4089 Thessalonica
546 4027 637 4102 Paulo
652 4039 681 4087 et
697 4027 773 4103 Syla,

317 4123 400 4183 multi
432 4122 569 4182 credunt:
611 4131 641 4180 at
675 4120 774 4180 Iudaei

318 4216 494 4277 conturbant
529 4216 684 4287 ciuitatem,
719 4225 774 4275 tra-

318 4312 420 4372 hentes
453 4311 589 4369 Iasonem
624 4309 663 4368 ad
696 4310 774 4387 prin·

318 4407 405 4483 cipes.
447 4403 619 4463 Praedicant
636 4404 775 4464 abeuntes

318 4502 349 4559 in
362 4499 492 4559 Beroea:
516 4498 568 4558 sed
589 4508 618 4557 et
639 4498 705 4559 inde
725 4498 773 4558 Iu·

318 4593 398 4653 daeis
422 4592 661 4670 persequentibus
689 4594 772 4671 pulsi,

318 4686 524 4746 translemntur
538 4686 676 4746 Athenas.

278 4777 405 4839 XXXX.
436 4778 541 4838 Paulus
565 4798 634 4839 cum
659 4781 774 4840 Iudaeis
827 4779 923 4840 XLII.
955 4779 1001 4839 De
1025 4779 1150 4857 apostoli
1182 4781 1326 4858 sapientia
1378 4778 1538 4840 XXXIIII.
1558 4779 1664 4840 Paulus
1678 4798 1747 4841 cum
1761 4780 1878 4842 filosofis

319 4886 348 4933 et
375 4873 553 4947 Colentibus,
577 4892 644 4933 curn
670 4874 774 4952 Epicu·
868 4894 936 4936 cum
950 4893 1012 4934 non
1026 4875 1123 4934 solum
1137 4893 1205 4933 cum
1215 4875 1325 4935 iudaeis
1417 4876 1545 4951 disputat
1559 4917 1567 4932 .
1581 4886 1609 4934 et
1631 4876 1801 4952 ariopagum
1826 4876 1878 4934 ad·

278 5096 303 5145 B
311 5031 392 5079 Notae
402 5029 438 5078 ad
446 5029 510 5107 (odd.
522 5028 550 5106 Μ
561 5037 602 5078 etc.
638 5031 789 5081 XXXVIII.
807 5030 969 5083 sollititudine
981 5030 1019 5090 Μ,
1030 5030 1175 5082 citudinem
1186 5031 1275 5080 Bamb.
1343 5046 1390 5097 que
1401 5030 1503 5092 Bamd„
1514 5043 1587 5094 quem
1598 5031 1636 5080 M.
1703 5030 1836 5095 epistolam
1848 5029 1876 5080 M

303 5095 705 5224 ‘IInlIXVIIeIIch'XIIVIIlhoh‘I
715 5098 823 5218 Imm
839 5163 1027 5212 timotheum
1043 5168 1069 5212 et
1088 5160 1126 5225 (ut
1136 5160 1210 5226 Met.)
1223 5160 1312 5227 paulus
1328 5169 1353 5212 et
1368 5158 1505 5210 timotheus
1521 5161 1610 5210 Bamb.
1628 5161 1691 5212 Met.
1772 5161 1877 5212 circum-

278 5225 386 5277 ciderent
397 5227 459 5276 Met.
526 5232 632 5275 statuta
647 5240 665 5276 ÷
680 5227 765 5277 christi
777 5227 867 5280 Bamb.
878 5228 940 5278 Met.
974 5227 1174 5279 commendarent
1185 5226 1274 5276 Bamb.

277 5290 544 5407 ‘ffXcLusllgalzblllspllIelt
551 5291 633 5354 Met).
645 5295 680 5341 dc
686 5298 729 5357 pr.
735 5293 818 5358 periit
828 5293 857 5343 ἐκ
870 5293 906 5344 Μ.
1018 5293 1119 5359 pytouir
1129 5294 1199 5353 Met„
1214 5292 1324 5358 phitonis
1335 5291 1424 5343 Bamb.

312 5421 371 5472 XLI
392 5423 452 5486 <XL
468 5393 552 5486 Istas.
571 5423 719 5488 calumpnilr
735 5424 826 5476 Bantb.
869 5426 1003 5476 uooletcte
1021 5423 1080 5489 (rot.
1101 5422 1142 5489 Μ)
1160 5427 1317 5474 semustum
1333 5422 1382 5476 tie.
1398 5420 1517 5487 ἀγοραίου
1533 5420 1564 5486 cs.
1580 5424 1637 5474 Act.
1655 5423 1713 5474 xvli.
1730 5438 1760 5488 55
1785 5421 1830 5474 hoc
1845 5438 1877 5473 cx

280 5487 474 5538 Donatistamm
485 5486 655 5553 partcsorsan
666 5489 760 5538 dictum
771 5497 806 5540 est
812 5505 825 5551 ,·
841 5490 899 5539 uide
904 5496 934 5555 p.
947 5504 969 5554 5.
1040 5490 1180 5541 machinam
1191 5489 1252 5539 Met.

312 5552 386 5602 XLII
399 5553 471 5618 (XLI
484 5552 567 5617 Met).
585 5559 705 5612 apostoli
718 5555 746 5604 M
758 5572 765 5603 r
781 5556 920 5621 apostolica
931 5555 1020 5606 Bamb.
1033 5557 1094 5605 Met.
1158 5570 1222 5605 oum
1229 5562 1271 5620 pr.
1284 5573 1291 5604 t
1302 5555 1383 5620 pedat
1393 5555 1423 5604 r‘n
1434 5554 1477 5615 M;
1495 5554 1534 5604 cui
1548 5554 1608 5605 Met.
1683 5553 1746 5604 iude.
1760 5552 1847 5603 Bamb.

1539 5306 1604 5342 oum
1615 5306 1646 5342 οο
1652 5291 1787 5356 pm'emnt
1797 5293 1827 5343 in
1839 5291 1876 5344 Μ.
1958 5303 1961 5309 ·
