4740 6600
456 733 518 794 124
910 712 1059 777 ACTUS
1080 707 1432 772 APOSTOLORUM.

456 887 659 969 baptismum
676 885 899 970 paenitentiae

502 991 593 1055 omni
610 991 734 1075 populo
750 989 868 1053 israhel

415 1091 441 1131 ²⁶
453 1115 529 1157 cum
546 1095 697 1178 impleret
718 1103 829 1157 autern
847 1093 1005 1156 iohannes
1021 1110 1152 1155 cursum

500 1218 596 1261 suum
615 1199 748 1262 dicebat

446 1322 545 1384 quem
567 1322 620 1364 rne
635 1301 844 1364 arbitramini
861 1305 956 1363 esse?

500 1425 566 1468 non
583 1424 656 1468 sum
671 1425 736 1487 ego
882 1481 886 1485 Ι

455 1510 513 1572 sed
530 1528 606 1571 ecce
622 1509 712 1571 uenit
728 1517 805 1590 post
821 1527 875 1569 me

499 1610 591 1675 cuius
607 1633 672 1675 non
688 1632 761 1675 sum
777 1611 898 1692 dignus

498 1713 712 1778 calciamenta
728 1715 853 1797 pedum

498 1816 637 1881 soluere.

410 1918 437 1957 ²⁶
451 1920 524 1985 Uiri
541 1920 658 1985 iratres
673 1919 732 1983 filii
748 1922 878 2003 generis

498 2025 659 2087 abraham
676 2024 781 2105 etqui
798 2025 830 2087 in
847 2022 944 2087 uobis

498 2127 618 2191 timent
634 2129 735 2191 deum

454 2230 550 2294 uobis
568 2231 706 2293 uerbum
723 2227 839 2294 salutis

497 2332 593 2398 huius
613 2335 748 2396 missam
765 2342 814 2397 est

455 2568 510 2618 De.
540 2569 621 2619 srahel
630 2569 679 2619 CD
690 2585 746 2634 ομ
763 2570 783 2617 d
796 2585 808 2619 e
819 2575 849 2617 ut
861 2583 903 2631 233
918 2581 936 2619 4
950 2576 974 2619 et
986 2568 1156 2619 remissionem

451 2654 610 2710 peccatorum
621 2662 657 2699 w.

488 2739 500 2773 a
504 2740 527 2788 5.
539 2741 603 2776 cum
613 2727 684 2790 (qum
694 2725 726 2786 R,
735 2741 814 2791 quum
822 2725 859 2790 Θ)
869 2728 1001 2783 impleret
1011 2725 1085 2790 (inpl.
1095 2725 1155 2789 CO)

453 2809 547 2853 eutem
560 2803 609 2867 (bis
620 2820 665 2853 scr.
678 2805 736 2867 S*):
773 2810 801 2859 >
811 2819 868 2854 cum
879 2812 961 2852 autem
977 2804 1091 2867 impleret
1102 2803 1123 2851 B
1134 2819 1154 2862 e,

452 2887 476 2930 et
497 2880 528 2929 ὣς
550 2879 576 2928 δὲ
599 2880 703 2943 ἐπλήρου
721 2897 780 2944 gr.;
807 2888 832 2930 et
852 2881 912 2930 dum
934 2881 1049 2944 impleret
1068 2881 1154 2945 dgig.

451 2958 565 3007 iohannis
576 2958 627 3020 OS,
639 2958 739 3007 ioannes
748 2957 801 3013 5OE
811 2974 817 3016 ;
834 2974 881 3008 om.
890 2959 921 3008 ς.
958 2964 986 3013 >
995 2973 1094 3007 cursum
1103 2958 1155 3008 ioh.

450 3034 474 3084 d.
524 3036 840 3099 onr.euudecpcum
848 3051 942 3099 graeco.
993 3052 1077 3094 quem
1090 3034 1155 3101 (rivo

451 3113 593 3162 CDEHLP
610 3112 680 3174 etc.):
698 3114 782 3161 uoluit
796 3114 856 3177 quid
868 3114 952 3163 Bentl.
972 3113 1008 3178 (ri
1020 3115 1089 3164 &AB
1103 3112 1155 3175 61).

452 3197 480 3247 >
491 3207 548 3240 cam
568 3190 712 3254 impleretur
730 3206 816 3240 cursus
836 3191 955 3240 iohannes
971 3192 1020 3241 dic.
1034 3195 1111 3241 Auct.
1126 3192 1155 3242 de

444 3275 527 3332 prone.
535 3269 636 3332 colnqr.
676 3269 805 3317 arbitrumi
812 3268 844 3318 S*
854 3270 889 3332 (ψ
897 3270 923 3318 ni
932 3268 969 3333 8¹)
979 3285 985 3328 ;
995 3270 1154 3334 suspicamini

448 3345 468 3393 d
475 3360 489 3393 e
496 3346 550 3409 gig.
563 3347 637 3394 Auct.
645 3353 728 3410 prom.
736 3362 742 3404 ;
751 3361 792 3410 gr.
806 3345 936 3395 ὑπονοεῖτε.
966 3355 993 3402 >
1002 3363 1068 3411 susp.
1078 3363 1117 3396 me
1128 3347 1153 3397 d.

450 3436 518 3480 ego:
534 3439 581 3472 om.
598 3424 619 3471 F
627 3442 634 3486 ;
653 3439 672 3475 ÷
690 3423 795 3473 christus
810 3423 909 3473 CDOT
919 3440 932 3473 ι
942 3425 995 3488 gria
1007 3426 1068 3474 Bed.
1081 3427 1152 3487 (retr.

452 3501 895 3566 ‘ragrwoummgauatpaaa
940 3511 977 3552 set
989 3503 1020 3551 R.
1072 3504 1154 3553 ueniet

449 3579 469 3627 d
476 3577 506 3627 ι’.
542 3586 570 3635 >
579 3586 636 3644 post
648 3597 687 3629 me
699 3596 755 3630 ecce
767 3595 821 3629 uen.
835 3580 876 3629 W.
918 3579 1087 3631 calceamenta
1098 3596 1154 3646 οὖς

448 3656 639 3707 calciamentum
651 3660 674 3707 Ο
686 3658 707 3706 d
713 3674 726 3707 c
744 3658 804 3721 (tu)
814 3659 867 3722 gig.
880 3658 997 3721 (Bruti).
1036 3659 1068 3709 de
1085 3660 1153 3724 pedi·

448 3734 494 3784 bus
509 3737 578 3800 gage:
594 3748 613 3785 4
630 3737 683 3784 eius
702 3752 749 3785 cor.
771 3741 823 3784 unt.
879 3737 1008 3801 >pedum
1028 3737 1090 3786 calc
1111 3738 1152 3788 W.

447 3812 522 3863 libere
532 3815 607 3863 Auct.
624 3813 653 3862 dc
661 3821 742 3878 prom.
758 3814 790 3862 de
807 3815 877 3863 cuius
891 3815 945 3879 ped.
962 3830 1013 3864 non
1028 3830 1083 3864 sum
1097 3815 1152 3879 dig.

448 3890 512 3940 sola.
524 3890 655 3955 corrigiam
668 3891 891 3941 calceamentorum
903 3892 963 3942 eius.

483 3966 521 4018 26.
541 3967 577 4016 fili
588 3969 621 4018 0.
656 3971 767 4027 generis
778 3982 867 4019 :seraa
874 3977 962 4033 poma
971 3969 1004 4020 U.
1043 3970 1153 4020 abrahae

448 4044 490 4095 SU
501 4061 521 4105 e,
531 4045 574 4094 -he
587 4046 627 4107 W,
640 4047 712 4095 -chae
724 4047 758 4095 D.
791 4055 821 4096 et
829 4063 836 4094 ε
844 4059 862 4096 4
870 4047 910 4096 dei
922 4047 974 4107 SU,
982 4061 1000 4096 4
1008 4047 1048 4097 dei
1060 4055 1108 4097 etc
1119 4064 1152 4098 w.

447 4127 477 4171 at
493 4126 559 4180 qui:
577 4123 668 4188 quique
680 4124 733 4188 gr'g.
780 4128 812 4172 in
828 4128 927 4173 nobie:
945 4125 1009 4175 inter
1026 4140 1070 4174 uos
1083 4126 1153 4190 ga'g.;

447 4199 473 4248 in
483 4199 556 4249 nobis
567 4201 587 4249 d
594 4216 650 4249 eum
658 4216 699 4264 gr.
712 4203 762 4250 AD
774 4200 815 4251 61.
866 4202 936 4251 timet
948 4203 987 4262 R;
1004 4203 1117 4252 timentes
1128 4204 1153 4264 d,

447 4278 652 4328 sunttimentese.
685 4282 786 4327 deam:
804 4279 933 4328 dominum
943 4280 989 4328 BD
991 4287 1031 4342 pt
1037 4281 1152 4341 ;÷etiam

446 4355 524 4415 dorca
549 4370 567 4407 4
580 4357 664 4406 audite
675 4372 687 4406 e
698 4358 759 4407 Bed.
772 4358 843 4419 (retr.
856 4360 863 4384 ⁴
874 4357 903 4406 in
910 4358 1023 4419 graeco’)
1036 4374 1092 4407 cum
1102 4359 1153 4409 ΕΓ.

447 4437 530 4482 uobis
546 4449 590 4486 sec.
603 4457 625 4475 ο
638 4434 695 4494 buia
712 4435 827 4485 CEHLP
845 4440 904 4483 cta:
929 4436 1002 4483 uobis
1018 4436 1039 4483 d
1053 4444 1076 4484 et
1095 4437 1152 4497 ἡμῖν

449 4512 544 4561 RABD
563 4513 626 4561 min.
678 4528 725 4562 om.
745 4516 830 4562 huius
850 4512 867 4562 S
886 4519 898 4560 t
916 4528 972 4561 cum
986 4528 1026 4576 gr.
1046 4515 1067 4563 C
1089 4515 1153 4564 min.

446 4591 537 4639 misum
549 4590 580 4640 Ο.

481 4678 518 4730 27.
536 4668 652 4717 habitant
669 4667 800 4717 CDORW
818 4684 830 4716 c
847 4668 909 4716 dem.
928 4674 956 4726 t;
973 4667 1103 4719 habitabat
1119 4671 1152 4731 ἅς

452 4746 503 4796 ein
515 4746 535 4794 d
541 4761 597 4794 cum
605 4762 647 4809 gr.
653 4747 727 4809 plur.
742 4747 803 4808 (cxc.
816 4747 861 4795 (ΞΕ
873 4746 958 4808 mim).
1003 4747 1092 4797 iherus.
1104 4749 1151 4798 CT

444 4829 486 4881 et,
497 4824 568 4874 ierus
578 4839 616 4887 vg.
660 4824 812 4888 principibus
824 4824 864 4875 δ’.
905 4827 968 4875 eiua
978 4828 1067 4889 (αντησ
1079 4827 1147 4889 1)*);

444 4917 530 4950 eorum
549 4902 658 4965 (Bruti.)
677 4917 689 4950 e
705 4916 761 4949 cum
775 4917 817 4964 gr.
836 4902 889 4952 rell.
934 4907 1010 4953 huno
1028 4906 1087 4967 (om.
1104 4904 1148 4967 8⁸)

443 4982 609 5037 ignorantes
621 5002 643 5020 ι
657 4979 747 5027 τοῦτον
769 4979 952 5043 ἀγνοήσαντες.
981 4982 1005 5031 h.
1030 4982 1149 5031 christum

443 5056 525 5123 ignor.
536 5058 571 5119 D,
586 5057 610 5106 h.
623 5057 701 5107 iesum
714 5058 794 5120 ignor.
807 5074 853 5108 cor.
866 5058 946 5120 καί),
958 5066 981 5110 et
994 5066 1022 5115 >
1032 5060 1058 5110 h.
1067 5061 1146 5125 ignor.

443 5136 522 5185 iesum
544 5135 586 5185 SU
609 5135 674 5193 alb.;
703 5152 752 5184 non
777 5138 949 5202 intellegentes
969 5138 990 5187 d
1010 5140 1071 5202 (Dt'
1096 5153 1148 5186 non

443 5212 541 5277 liquet).
575 5219 605 5262 ot
623 5229 665 5262 sec.
683 5229 731 5265 om.
748 5215 803 5263 det
822 5216 888 5265 Dm.
922 5230 1007 5266 uooea
1028 5213 1146 5280 (curiale

443 5291 574 5353 scripturas
585 5290 624 5338 dc
635 5297 658 5339 et
669 5290 763 5352 γραφάς
774 5293 846 5341 D*E.
880 5293 1030 5358 profetarum
1043 5294 1143 5344 DOST.

442 5383 490 5432 que
511 5368 551 5428 R;
575 5370 617 5432 qui
638 5368 702 5419 SU*.
744 5385 827 5419 omna
847 5371 912 5420 codd.
929 5373 999 5437 plur.
1022 5373 1100 5435 (omni
1118 5371 1146 5432 S,

442 5444 534 5494 homne
551 5446 585 5509 C)
604 5453 628 5495 et
646 5462 686 5510 vg.
705 5456 728 5496 et
744 5447 806 5497 dem.
821 5450 875 5512 gris.
890 5456 924 5513 p:
950 5466 1049 5500 omnem
1069 5450 1145 5501 ΛΘΚ

1746 700 1835 792 [xnr.
1854 730 1953 784 24-30.

1215 874 1309 962 ²⁷qui
1340 878 1428 943 enim
1460 877 1655 942 habitabant
1690 876 1886 943 hierusalem
1921 888 1955 943 et

1302 981 1463 1065 principes
1479 981 1549 1044 eius

1259 1085 1345 1149 hunc
1361 1086 1551 1168 ignorantes
1566 1092 1600 1148 et
1614 1103 1713 1149 uoces

1303 1190 1540 1273 prophetaram
1554 1207 1643 1271 quae
1658 1209 1718 1270 per

1305 1314 1403 1357 omne
1418 1292 1595 1356 sabbatum
1612 1277 1767 1374 leguntur

1260 1397 1442 1462 iudicantes
1458 1397 1680 1477 impleuerant

1216 1501 1243 1541 ²⁸
1255 1512 1288 1565 et
1304 1501 1428 1589 nullam
1442 1520 1575 1564 causam
1592 1501 1709 1565 mortis

1303 1605 1509 1668 inuenientes
1526 1605 1559 1666 in
1575 1624 1651 1668 eum

1259 1709 1424 1793 petierunt
1436 1729 1456 1770 a
1468 1706 1572 1789 pilato
1582 1717 1620 1772 ut
1631 1705 1853 1772 interficerent
1862 1728 1938 1773 eum

1215 1811 1240 1852 ²⁹
1252 1833 1394 1894 cumque
1409 1821 1694 1875 consummassent

1302 1916 1414 1978 omnia
1429 1935 1516 1997 quae
1531 1916 1574 1978 de
1586 1907 1629 1977 eo'
1641 1916 1764 2000 scripta
1780 1924 1874 1980 erant

1257 2023 1459 2102 deponentes
1476 2039 1550 2082 eum
1567 2019 1610 2082 de
1626 2017 1717 2101 ligno

1303 2133 1483 2206 posuerunt
1499 2123 1531 2184 in
1549 2131 1768 2187 monumento

1216 2226 1334 2290 ³⁰deus
1349 2247 1427 2289 uero
1443 2227 1614 2291 suscitauit
1632 2246 1708 2291 eum

1303 2350 1323 2393 a
1340 2329 1479 2393 mortuis
1497 2330 1594 2394 tertia
1609 2330 1663 2393 die

1258 2582 1270 2614 c
1288 2567 1308 2615 d
1324 2582 1351 2625 ις
1373 2581 1459 2615 omnes
1477 2572 1496 2614 t.
1540 2565 1688 2614 sabbathum
1708 2562 1778 2630 Q
1802 2565 1919 2616 sabbatoa
1938 2571 1956 2614 t.

1257 2647 1431 2694 iudicantes:
1449 2651 1539 2693 etcum
1551 2642 1732 2693 iudicassentd.
1765 2645 1957 2701 impleuerant

1258 2721 1365 2786 (impliu.
1380 2718 1420 2782 δ’,
1431 2722 1522 2786 inplerr.
1539 2721 1559 2770 F
1561 2722 1592 2781 0,
1607 2721 1700 2786 inpleb.
1716 2721 1751 2785 T)
1765 2742 1787 2762 a
1801 2719 1957 2785 laatpuw:

1256 2800 1447 2865 reprobaueruut
1464 2808 1492 2865 p,
1513 2808 1656 2865 respuerunt
1675 2805 1700 2861 t;
1727 2799 1895 2864 inpullaerunt
1917 2799 1958 2850 D*

1257 2878 1331 2938 (corr.
1344 2878 1413 2942 mg).

1291 2957 1330 3004 28.
1353 2962 1382 3004 et
1400 2972 1419 3007 ψ
1436 2971 1492 3006 cum
1508 2956 1560 3019 gig.
1605 2953 1684 3005 ullam
1704 2954 1746 3004 W.
1791 2970 1904 3005 muscam
1923 2955 1957 3005 D.

1256 3031 1405 3082 inuenissent
1413 3033 1473 3097 giga,
1488 3033 1629 3082 inuenerunt
1639 3032 1672 3091 ὃς
1688 3035 1789 3083 inuenta
1803 3042 1839 3083 est
1849 3032 1874 3082 d.
1925 3036 1958 3081 in

1256 3125 1322 3160 eum
1336 3110 1400 3160 codri.
1413 3112 1575 3176 longrplur.:
1593 3112 1618 3160 in
1629 3127 1661 3161 eo
1673 3111 1807 3162 MR¹U⁸W
1818 3127 1856 3176 vg.
1873 3110 1956 3161 Tr'scla.

1255 3204 1268 3237 c
1284 3189 1304 3237 d
1313 3189 1376 3253 gap,
1392 3196 1415 3238 et
1427 3207 1451 3237 er
1463 3206 1528 3238 αυτω
1540 3191 1582 3249 Ι);
1598 3205 1645 3238 om.
1660 3205 1673 3238 e
1685 3190 1792 3254 (Beati.)
1805 3205 1862 3238 cum
1872 3205 1957 3254 graec.

1255 3267 1309 3317 rell.
1344 3268 1469 3331 pecierunt
1487 3269 1533 3326 W;
1551 3268 1736 3331 postulauerunt
1748 3269 1801 3332 gig.
1835 3284 1851 3317 ι
1866 3267 1954 3332 pylato

1256 3345 1321 3403 C0;
1337 3344 1441 3409 pilatum
1459 3360 1472 3394 c
1488 3360 1544 3394 cum
1558 3360 1653 3409 graeco.
1693 3353 1743 3410 pro
1759 3352 1817 3403 oar.
1832 3359 1849 3395 a
1864 3347 1957 3403 puero

1253 3419 1328 3472 haber
1343 3423 1363 3471 α’
1381 3423 1517 3473 iudicantes
1532 3432 1614 3472 autem
1631 3439 1689 3472 eum
1706 3423 1862 3473 tradiderunt
1878 3423 1958 3489 pilato

1254 3516 1311 3549 carm
1323 3500 1390 3551 Dm,
1436 3507 1468 3550 ut
1479 3505 1671 3551 interficerent
1685 3501 1757 3564 (rint
1768 3501 1799 3560 S;
1817 3506 1866 3551 -ret
1881 3501 1957 3564 dem.)

1255 3592 1334 3630 eum:
1364 3589 1391 3630 ut
1417 3579 1590 3629 interficeretur
1615 3580 1636 3628 d
1653 3580 1706 3644 gr'g.
1730 3579 1847 3643 (Beati),
1873 3584 1898 3627 et
1913 3594 1956 3643 gr.

1254 3656 1404 3719 ἀναιρεθῆναι
1422 3658 1497 3706 αὐτόν
1513 3659 1568 3722 (sed
1580 3664 1620 3706 ἵνα
1638 3675 1676 3707 ero
1692 3674 1817 3722 worpeorr
1833 3656 1902 3721 D*);
1918 3659 1955 3706 in·

1254 3735 1362 3786 terlicere
1372 3753 1428 3787 enm
1440 3753 1460 3787 e.

1289 3828 1326 3879 ²9·
1343 3829 1463 3873 oramque
1479 3816 1615 3879 (quumque
1631 3815 1671 3874 Θ;
1687 3829 1743 3864 curn
1758 3820 1841 3863 autem
1851 3812 1875 3875 e)
1891 3826 1958 3864 oon·

1254 3898 1441 3941 summouent
1453 3893 1479 3956 (n
1487 3900 1528 3957 pr.
1542 3901 1595 3957 sup.
1608 3893 1655 3941 lin.
1665 3894 1705 3952 03
1722 3906 1874 3942 comumnes.
1886 3890 1938 3955 RS)
1950 3906 1957 3940 r

1253 3976 1278 4018 et
1290 3977 1523 4021 cousummauerunt
1534 3970 1611 4036 dgig.
1644 3985 1693 4036 que
1704 3971 1737 4020 0.
1770 3985 1820 4020 eo:
1837 3986 1851 4020 e
1862 3985 1894 4019 ac
1903 3977 1914 4019 t
1922 3969 1957 4030 Θ,

1252 4047 1300 4096 illo
1318 4048 1411 4112 dgr’ga,
1429 4048 1485 4112 ipso
1504 4064 1523 4099 c.
1556 4051 1664 4106 scripta
1682 4049 1748 4113 (·bte
1770 4048 1854 4112 FGT)
1874 4054 1957 4098 oront

1254 4125 1319 4175 codd.
1336 4132 1359 4174 et
1375 4141 1414 4188 vg.
1434 4127 1553 4190 (>erant
1570 4143 1614 4177 ror.
1624 4134 1673 4176 ÷et
1686 4124 1768 4192 grith:
1792 4126 1885 4190 scripta
1900 4134 1957 4176 aunt

1255 4204 1289 4251 Αι
1305 4204 1337 4262 d3
1362 4204 1453 4270 scripta
1468 4211 1570 4254 tantum
1594 4205 1650 4263 A⁸3
1668 4217 1687 4254 4
1703 4206 1824 4269 petierunt
1847 4205 1953 4269 pilatum

1254 4280 1320 4333 hunc
1330 4281 1440 4346 crucifigi
1451 4289 1477 4331 et
1488 4283 1670 4347 inpetraaerunt
1680 4285 1769 4332 iterum
1780 4290 1805 4332 et
1814 4282 1898 4331 deum
1908 4281 1957 4329 Da

1253 4376 1358 4421 ητουντο
1376 4375 1421 4407 τον
1442 4366 1557 4408 remoror
1579 4376 1666 4408 τουτον
1686 4376 1731 4419 μιν
1752 4375 1890 4422 σταυρωσαι
1915 4375 1957 4407 και

1255 4453 1417 4498 ειιτυχοντεσ
1428 4445 1501 4486 πολιν
1511 4455 1551 4486 nur
1563 4439 1594 4503 cs.
1606 4455 1656 4503 syr.
1669 4437 1748 4487 harcl.
1760 4453 1809 4503 mg.
1822 4444 1956 4503 postquam

1253 4515 1382 4566 crucifixus
1397 4525 1461 4566 esset
1477 4525 1526 4581 pet.
1539 4533 1555 4566 a
1572 4516 1614 4581 pil.
1631 4526 1658 4567 ut
1673 4517 1705 4567 de
1719 4516 1789 4580 ligno
1799 4515 1956 4565 detraherent

1253 4610 1310 4642 eum
1327 4595 1519 4658 impetrauerant
1535 4600 1560 4645 et
1577 4596 1731 4645 detrahentes
1746 4610 1803 4645 eum
1820 4602 1955 4659 posrrerunt

1252 4678 1294 4721 etc.
1329 4675 1518 4729 deponentes:
1547 4672 1712 4737 deposuerunt
1734 4672 1758 4725 d.
1797 4687 1879 4722 aum:
1907 4686 1956 4720 orn.

1252 4749 1361 4814 degr'g.
1382 4750 1489 4813 (Bentl.)
1508 4766 1564 4799 cum
1577 4766 1672 4814 graeco.
1705 4753 1800 4808 ligno:
1818 4764 1889 4799 cruce
1905 4765 1918 4799 e
1933 4754 1958 4798 et

1253 4827 1296 4875 Fst'
1311 4842 1361 4889 syr.
1374 4826 1458 4890 perh:
1468 4835 1518 4877 ÷et
1529 4828 1581 4877 det
1599 4829 1650 4879 Dt'.
1695 4833 1854 4886 posuerunt
1868 4841 1886 4877 ψ
1900 4841 1958 4876 enm

1252 4901 1354 4959 ΝΜ
1362 4920 1374 4952 c
1382 4919 1477 4968 mgr.
1488 4920 1567 4970 mque
1577 4921 1624 4954 cor.
1636 4905 1706 4956 aab*
1717 4913 1904 4955 mouumentum
1916 4903 1953 4954 M.

1285 4997 1324 5045 30.
1341 4986 1412 5030 deus
1422 4997 1492 5032 uero
1504 4984 1599 5046 (autem
1610 4983 1634 5033 ς
1646 4983 1669 5047 e)
1687 4987 1840 5034 euaoltenit
1852 4984 1954 5047 (susoet

1250 5060 1279 5124 S)
1300 5075 1365 5110 eum
1386 5059 1470 5124 (illurn
1491 5061 1524 5121 R,
1543 5068 1567 5110 et
1587 5061 1697 5117 >illum
1716 5078 1779 5111 susc.
1795 5077 1809 5110 e
1824 5077 1881 5110 cum
1899 5060 1954 5122 Er)

1250 5153 1267 5189 a
1288 5142 1424 5188 mortuis:
1453 5153 1528 5204 quem
1548 5139 1610 5189 deus
1639 5148 1743 5203 (ηοω
1770 5139 1800 5202 d)
1829 5137 1958 5189 suscitauit

1250 5216 1380 5278 (excitauit
1391 5215 1422 5278 d)
1433 5218 1453 5265 d
1457 5218 1509 5280 gr'g.
1521 5232 1578 5266 cum
1591 5219 1644 5267 Drr.
1680 5219 1767 5267 tortia
1780 5217 1841 5282 (eia
1853 5215 1935 5265 RVW
1949 5230 1955 5273 ;

1250 5293 1320 5343 nulli
1329 5294 1383 5354 tio,
1394 5292 1425 5357 cs.
1437 5295 1473 5343 ad
1482 5296 1523 5344 vii.
1536 5296 1563 5359 8)
1574 5298 1620 5344 dle
1631 5294 1880 5346 ABG⁶KMORVW
1891 5309 1931 5358 vg.
1945 5308 1958 5342 c

1247 5371 1310 5421 dem.
1321 5372 1363 5434 (>
1373 5372 1414 5422 die
1422 5372 1489 5433 tert.)
1500 5379 1603 5423 tcontra
1611 5389 1651 5437 gr.
1663 5389 1669 5424 :
1689 5389 1737 5425 om.
1748 5370 1952 5425 comte->suu

1246 5449 1266 5498 d
1275 5465 1288 5499 e
1294 5450 1347 5513 gage
1357 5457 1376 5513 p
1387 5451 1470 5500 Bentl.
1481 5458 1554 5514 eegr.
