4808 6594
977 714 1126 779 ACTUS
1145 705 1494 773 APOSTOLORUM.

1047 883 1082 932 ll.
1094 879 1184 931 Bamd.
1198 879 1229 928 A.
1241 877 1262 926 1.
1276 887 1299 941 7,
1311 877 1372 926 Met.
1386 884 1409 938 7.

431 1206 559 1266 XXVII.
585 1203 731 1276 Herodes,
754 1204 854 1263 occiso
878 1202 924 1262 Ia·
1528 1192 1612 1251 XXI.
1646 1191 1691 1249 De
1715 1187 1823 1247 herode
1847 1186 1899 1262 qui
1920 1181 2027 1242 occidit

470 1302 556 1372 cobo,
591 1300 709 1359 Petrum
743 1297 862 1356 retrudit
896 1297 925 1355 in
1570 1284 1705 1346 iacobum
1724 1292 1753 1341 et
1771 1280 1848 1340 misit
1866 1277 2025 1356 petrumin

470 1412 633 1454 carcerem:
654 1391 732 1452 unde
751 1391 871 1451 eductus
887 1389 926 1448 ab
1571 1397 1688 1440 carcare
1719 1376 1821 1435 diebus
1847 1374 2026 1433 azimorum:

472 1486 597 1564 Angelo,
628 1486 707 1546 uenit
743 1486 781 1544 ad
804 1485 925 1543 domum
1570 1483 1599 1533 et
1623 1470 1745 1548 angelus
1768 1469 1883 1527 dimittit
1906 1471 1976 1526 eum
1997 1473 2027 1523 et

472 1580 584 1639 Mariae
604 1580 702 1639 matris
722 1578 868 1638 Iohannis
1571 1567 1608 1626 ad
1628 1565 1750 1624 domum
1771 1561 1880 1621 mariae
1900 1560 1978 1619 uenit
1998 1567 2032 1617 et

1530 1726 1533 1731 ¹
1571 1658 1650 1739 quod
1672 1656 1796 1718 herodes
1818 1671 1936 1715 uermes
1959 1651 2026 1711 lecit

1570 1765 1599 1816 et
1626 1754 1667 1813 sIc
1694 1760 1826 1812 mortuus
1853 1757 1906 1809 est.
1951 1746 2026 1807 Item

1541 1850 1607 1910 'de
1622 1846 1738 1906 ieiunio.

433 1964 575 2024 XXVIII.
597 1962 680 2023 Idem
702 1961 846 2033 Herodes,
868 1979 928 2020 non
980 1949 1078 2009 XXX·
1104 1950 1149 2010 De
1163 1950 1272 2011 ultione
1291 1951 1478 2028 diuinaquae

473 2063 591 2122 inuento
639 2060 734 2132 Petro,
780 2059 929 2120 descendit
1022 2063 1054 2104 se
1067 2046 1099 2104 ln
1113 2044 1222 2105 herode
1242 2046 1384 2104 iustorum
1403 2047 1489 2106 inse·-

474 2156 664 2216 Caesaream:
719 2154 769 2213 ubi
813 2152 929 2231 Angelo
1022 2139 1146 2199 eudonis
1160 2157 1248 2199 causa
1262 2140 1398 2199 exercuit.

472 2267 635 2328 percussus,
663 2248 785 2308 liberum
815 2247 930 2325 praedi·

442 2347 443 2350 ’
473 2345 606 2403 cantibus
640 2342 764 2402 uerbum
798 2342 852 2400 iter
886 2359 930 2399 re·

485 2438 564 2496 ‘uit.

434 2438 547 2589 XXXX.
581 2529 731 2589 Barnabas
763 2538 792 2587 et
828 2527 931 2587 saulus
983 2514 1099 2576 XXXI.
1120 2514 1167 2575 De
1184 2515 1401 2592 peruersoribus
1415 2515 1479 2574 uiae

474 2626 581 2684 reuersi
601 2621 794 2692 Antiochiam,
814 2622 932 2681 iubente
1022 2611 1151 2669 ueritatis
1171 2609 1400 2686 eorumdemque
1415 2627 1480 2686 pes·

476 2718 583 2796 Spiritu
617 2717 726 2776 Sancto
761 2716 932 2776 ordInantur
1024 2705 1099 2763 sima
1117 2704 1254 2764 caecitate
1272 2720 1347 2780 quae
1366 2703 1395 2761 in
1415 2705 1480 2762 bar·

475 2810 624 2889 Apostoli:
643 2820 672 2869 et
681 2827 751 2869 mox
761 2809 932 2887 nangantes
1024 2798 1085 2857 iesu
1100 2815 1117 2857 a
1131 2796 1220 2876 paulo
1233 2797 1366 2856 traducta
1380 2806 1432 2856 est.

476 2905 616 2982 Cyprum,
650 2913 809 2963 excaecato
843 2920 932 2979 mago

474 2998 589 3075 Elyma,
632 2996 764 3074 Sergium
808 2995 932 3056 Paulum

475 3091 684 3152 Proconsulem
711 3090 843 3151 doctrina
864 3089 931 3149 fidei

475 3190 656 3250 inluminent.

1536 3278 1636 3338 XXII.
1657 3276 1763 3337 Saulus
1784 3290 1883 3334 coram
1904 3285 2031 3348 procon-

1577 3372 1639 3434 sule
1654 3371 1767 3431 bariesu
1780 3383 1902 3429 caecum
1917 3363 1992 3423 lacit.

437 3651 534 3711 XXX.
555 3652 663 3711 Paulus
676 3663 705 3711 et
722 3650 871 3711 Barnabas
885 3651 934 3710 de·
987 3657 1116 3717 XXXII.
1138 3656 1184 3717 De
1198 3658 1286 3736 paulo
1300 3659 1349 3736 qui
1369 3658 1441 3735 legis
1455 3669 1484 3715 et
1537 3658 1652 3718 XXIII.
1684 3655 1791 3716 Paulos
1819 3655 1850 3712 in
1877 3649 2033 3728 synagogis

478 3746 628 3806 uenientes
663 3746 847 3806 Antiochum
876 3745 935 3804 Psi·
1027 3751 1484 3830 prophetarumtestimouiissua·
1577 3754 1703 3830 disputat
1717 3751 1754 3809 de
1768 3747 1874 3808 christo
1888 3741 1985 3804 iesu.'

477 3839 549 3913 diae,
578 3840 746 3917 praedicant
780 3839 810 3898 in
843 3839 935 3916 Syna·
1027 3847 1077 3905 det
1098 3848 1127 3904 in
1148 3846 1196 3905 dei
1217 3847 1337 3922 gratiam
1352 3846 1483 3922 quicum-

478 3951 571 4011 goga:
593 3952 668 4010 quos
675 3933 759 3992 multi
768 3941 798 3992 et
811 3933 935 3992 Iudaeo·
1028 3958 1085 4017 que
1102 3940 1255 3999 crediderit
1269 3957 1448 4017 permanere.

479 4045 544 4085 rum
572 4037 600 4086 et
628 4026 844 4103 Proselytorum
873 4045 935 4086 cre·

480 4120 581 4180 dentes
595 4128 763 4197 sequuntur.

439 4213 553 4273 XXXI.
596 4214 722 4274 Rursum
765 4214 861 4292 plures
900 4216 936 4274 de
989 4213 1135 4274 XXXIII.
1155 4214 1203 4274 De
1224 4232 1284 4273 non
1302 4215 1485 4274 ctedentibus

480 4308 624 4369 Gentibus
640 4309 818 4368 conueniunt
835 4307 872 4368 ad
886 4326 936 4367 au·
1029 4309 1109 4387 quod
1117 4328 1231 4387 semper
1241 4308 1379 4369 inuidiam
1388 4309 1485 4369 christi

481 4402 619 4462 diendum
637 4403 780 4462 uerbum:
802 4419 876 4480 quos
891 4421 935 4462 ze·
1029 4405 1175 4481 discipuIIs
1189 4403 1325 4464 conflent.

482 4496 575 4556 lantes
589 4495 700 4568 ludaei,
718 4496 842 4556 eieciunt
861 4496 936 4555 Pau·

481 4589 542 4649 lum
556 4607 590 4649 ac
604 4588 769 4649 Bamabam
780 4589 816 4649 de
831 4590 937 4649 finibus

481 4700 549 4741 suus.

441 4775 571 4836 XXXII.
596 4777 679 4836 Idem
707 4780 736 4837 in
761 4778 864 4838 Iconio
886 4778 937 4837 diu
989 4775 1150 4835 XXXIIII.
1182 4775 1227 4835 De
1248 4778 1385 4836 uarietate
1414 4788 1486 4836 tem-

483 4869 694 4946 praedicantes,
719 4871 825 4932 multos
848 4882 876 4932 et
901 4872 936 4930 de
1029 4888 1136 4948 porum
1147 4887 1271 4947 quorum
1290 4870 1386 4930 christi
1401 4871 1485 4930 disci·

442 5028 554 5142 habmus
565 5026 601 5074 ad
608 5026 672 5074 codd.
678 5027 722 5139 ¹M.
733 5033 774 5077 etc.
809 5029 884 5078 XXX
899 5027 1040 5092 (XXVIIII
1053 5027 1137 5090 Met).
1155 5043 1202 5092 que
1214 5027 1302 5077 Bamb.
1314 5034 1414 5092 semper.
1527 5028 1728 5075 insecutionln:
1745 5025 1836 5090 incaluit
1847 5041 1950 5075 mersum
1963 5025 1991 5075 M
2000 5026 2044 5076 sed

490 5098 513 5141 et
555 5093 676 5140 rsecutiou
687 5108 707 5140 s.

475 5157 525 5206 XX
552 5157 564 5205 1
578 5157 664 5216 (XXX
676 5158 759 5217 Met).
777 5159 974 5222 praeuersoribus
991 5159 1053 5208 Met.
1153 5159 1194 5208 uie
1206 5157 1296 5208 Bamb.
1394 5156 1498 5206 cecitate
1515 5155 1604 5206 Bamb.
1617 5156 1680 5206 Met.
1779 5158 1908 5206 butem:
1926 5156 2040 5207 barbarie

407 5277 408 5280 Ἴ
442 5222 531 5272 Bamb.
546 5222 645 5286 (deinde
659 5234 677 5268 4
692 5223 805 5288 suadere)
816 5240 822 5281 ;
839 5224 923 5273 bariae
934 5238 1005 5273 suam
1017 5225 1079 5274 Met.
1091 5225 1122 5289 cs.
1133 5223 1230 5273 cdxiii.
1243 5223 1267 5274 6.
1337 5237 1384 5272 ont.
1397 5238 1414 5273 ι
1425 5221 1512 5271 Bamb.
1525 5221 1588 5271 Met.

476 5288 579 5337 XXXII
593 5289 693 5351 (XXXI
705 5289 788 5351 Met).
804 5290 886 5352 gratia
898 5290 959 5339 Met.

477 5352 594 5403 XXXIII
605 5352 719 5418 (XXXII
732 5352 814 5416 Met).
832 5355 926 5404 inuidia
937 5353 1026 5404 Bamh.
1035 5354 1094 5404 Met.

476 5418 609 5468 XXXIIII
622 5419 750 5482 (XXXIII
763 5418 846 5484 Met).
864 5421 904 5470 Dc
919 5421 1042 5470 sententia
1057 5419 1087 5485 cfi
1104 5426 1201 5470 textum
1217 5418 1386 5469 occidentalem
1404 5420 1461 5471 Act.
1478 5419 1530 5471 xiv.
1548 5433 1561 5470 2
1579 5418 1592 5468 d
1610 5417 1636 5470 dl
1654 5415 1739 5484 udam
1755 5416 1844 5470 Ilum
1860 5419 1927 5485 ταχὺ
1939 5418 2041 5486 εἰρήνην.

1216 5559 1276 5609 Μ
