4740 6600
579 689 636 753 xvi
950 688 1222 750 PRAEFATIO
1243 689 1303 750 IN
1321 687 1478 751 ACTUS.
1526 689 1623 751 CAP.
1646 689 1707 751 IV.

579 863 689 949 pimus
701 859 724 925 ¹.
787 862 865 926 Non
895 863 980 928 adeo
1010 863 1106 927 multi
1135 872 1212 927 sunt
1248 861 1312 928 loci
1342 862 1376 926 in
1405 862 1526 946 quibus
1555 861 1732 928 lectionem
1762 862 1824 927 hac
1853 860 1924 928 sola
1954 863 2099 930 ratione

581 965 798 1050 praetulimus
819 967 908 1049 quod
928 967 959 1029 in
979 966 1099 1032 ueteris
1121 966 1280 1031 uersionis
1303 966 1425 1029 latinae
1446 966 1585 1030 testibus
1609 987 1675 1029 non
1699 965 1897 1049 appareat²;
1920 967 1981 1031 sed
2003 989 2098 1033 non·

582 1070 663 1135 nulli
679 1080 754 1134 sunt
769 1069 825 1133 ubi
837 1069 918 1133 haec
930 1089 1028 1134 causa
1044 1091 1119 1134 curn
1132 1069 1205 1133 aliis
1214 1071 1380 1152 conspiret
1392 1070 1435 1133 ad
1452 1070 1625 1134 ueritatem
1638 1068 1788 1134 lectionis
1799 1068 2062 1136 discernendam
2070 1069 2097 1136 ⁸.

581 1172 669 1238 Sunt
680 1174 812 1237 minoris
822 1173 983 1238 momenti
997 1193 1056 1239 nec
1066 1175 1249 1238 admodum
1262 1173 1357 1237 multi
1373 1173 1436 1237 loci
1449 1173 1505 1236 ubi
1516 1173 1695 1237 scribarum
1708 1193 1833 1237 errores
1841 1169 1864 1252 ⁴,
1874 1174 2097 1253 betacismos‚

580 1277 747 1340 itacismos
767 1275 863 1351 etc.⁶,
879 1276 1145 1359 repudiauimus;
1170 1277 1226 1341 alii
1242 1288 1318 1341 sunt
1339 1271 1395 1340 ubi
1412 1277 1552 1340 eandem
1569 1275 1729 1341 familiam
1751 1296 1812 1360 per
1826 1284 1934 1340 totum
1950 1297 2096 1342 uersum

579 1380 683 1445 secuti
704 1399 818 1442 sumus
841 1399 916 1443 curn
934 1378 1033 1442 fidem
1050 1381 1120 1444 eius
1142 1380 1174 1443 in
1197 1380 1346 1464 pluribus
1362 1379 1556 1463 propinquis
1570 1377 1768 1444 lectionibus
1787 1379 2096 1463 probauerimus⁸3

579 1482 635 1546 alii
651 1482 707 1545 ubi
722 1483 896 1547 lectionem
913 1482 1098 1546 breuiorem
1116 1503 1177 1566 pro
1192 1483 1333 1567 longiori
1349 1483 1532 1567 recepimus
1543 1482 1565 1546 ⁷.

644 1587 715 1649 Has
731 1587 832 1667 igitur
846 1587 1026 1651 secundum
1045 1587 1173 1670 regulas
1189 1588 1216 1652 si
1232 1586 1366 1652 notulas
1381 1597 1510 1651 nostras
1526 1585 1760 1668 exploraueris,
1771 1585 1877 1651 amice
1890 1582 2003 1664 lector,
2015 1587 2094 1651 sine

577 1687 679 1754 dubio
696 1687 1041 1755 San-Germanensem
1052 1689 1112 1773 (G)
1124 1690 1210 1755 inter
1226 1710 1344 1754 omnes
1359 1691 1489 1754 codices
1505 1690 1650 1754 eminere
1661 1689 1849 1772 perspicies.
1893 1688 1960 1772 Qui
1975 1690 2094 1754 codex

577 1792 744 1857 interdum
760 1812 835 1856 curn
848 1792 1076 1858 BKVFSUR
1091 1794 1243 1876 congruit
1259 1793 1317 1857 sed
1334 1792 1465 1876 saepius
1481 1813 1556 1857 curn
1569 1790 1728 1857 AIMOD
1743 1812 1751 1870 ;
1773 1813 1842 1877 eg.
1855 1812 1900 1855 ex
1914 1805 1987 1856 ccx
2003 1791 2094 1857 locis

579 1896 637 1960 ubi
660 1895 800 1960 familiae
822 1895 858 1959 A
880 1906 915 1960 et
942 1896 969 1958 F
993 1897 1025 1960 in
1046 1905 1157 1979 partes
1181 1907 1268 1976 eant,
1292 1898 1323 1960 in
1348 1910 1450 1961 exul
1476 1897 1584 1960 codex
1612 1896 1643 1960 G
1664 1896 1760 1960 nobis
1788 1895 1948 1960 iudicibus
1971 1915 2092 1960 ueram

578 1997 755 2064 lectionem
781 2008 964 2078 conseruat,
988 2020 1097 2081 neque
1121 2000 1262 2084 amplius
1288 2014 1408 2064 vani
1437 1999 1517 2065 locis
1544 2000 1742 2064 deteriorem
1767 2008 1897 2083 partem
1926 2000 2093 2084 sequitur.

581 2103 638 2168 Ex
655 2103 718 2166 illis
734 2103 815 2167 item
831 2103 912 2167 locis
928 2103 959 2167 G
975 2125 1051 2167 cum
1067 2103 1102 2167 A
1121 2103 1208 2168 uices
1224 2118 1316 2167 cxxl
1332 2105 1492 2188 congruit,
1508 2124 1584 2167 cum
1601 2105 1629 2167 F
1644 2113 1773 2167 tanturn
1790 2115 1942 2166 Lxxxiv.

646 2204 684 2270 Si
707 2205 847 2271 familias
870 2217 982 2271 autern
1005 2207 1235 2291 potiusquam
1259 2208 1389 2273 codices
1411 2207 1606 2291 respexeris,
1622 2205 1766 2270 inuenies
1788 2206 1948 2270 familiam
1966 2204 2093 2270 Amia-

580 2309 685 2374 tinam
696 2309 852 2374 Fuldensi
869 2309 1038 2374 meliorem
1055 2331 1149 2389 esse;
1171 2331 1248 2375 narn
1264 2330 1310 2375 ex
1325 2311 1442 2376 iisdem
1455 2324 1527 2374 ccx
1540 2310 1630 2387 locis,
1641 2321 1746 2374 cxx11
1762 2318 1837 2374 sunt
1853 2309 1910 2372 ubi
1925 2307 2094 2373 familiam

578 2413 960 2492 A,nxxxv111tanrum
980 2414 1036 2477 ubi
1052 2414 1212 2479 familiam
1235 2415 1506 2498 Fpraetulimus.
1552 2415 1684 2477 Harum
1702 2414 1837 2496 quidem
1858 2432 1965 2478 rerum
1986 2412 2094 2478 aesti-

579 2517 691 2594 matio,
706 2518 795 2600 quod
818 2517 913 2582 facile
931 2517 1153 2598 concedimus
1168 2537 1233 2582 non
1255 2517 1407 2583 omnibus
1426 2517 1546 2582 criticis
1568 2519 1685 2581 eadem
1706 2517 1778 2582 erit.
1823 2518 1897 2581 Nos
1915 2515 2004 2580 enirn
2020 2535 2095 2580 non

578 2639 693 2684 omnes
709 2620 799 2685 locos
818 2621 1086 2685 enumerauimus
1102 2621 1158 2684 ubi
1173 2620 1236 2685 hac
1253 2630 1349 2704 parte
1369 2621 1478 2685 codex
1495 2621 1539 2703 A,
1554 2620 1657 2684 altera
1678 2641 1756 2684 uero
1778 2621 1887 2685 codex
1903 2619 2093 2697 Fsteterit,

579 2723 637 2785 sed
663 2742 722 2786 eos
748 2733 878 2787 tanturn
905 2724 964 2787 ubi
994 2722 1137 2787 familiae
1162 2724 1214 2787 uel
1243 2724 1389 2806 potiores
1415 2723 1558 2788 familiae
1587 2733 1700 2805 partes
1729 2733 1842 2787 contra
1871 2730 1959 2785 stare
1989 2721 2096 2786 nobis

580 2825 763 2890 uideantur.
809 2825 928 2909 Neque
952 2834 1084 2890 tantum
1112 2826 1234 2891 iudicio
1263 2836 1376 2891 nostro
1407 2826 1540 2890 fidimus
1571 2836 1608 2890 ut
1634 2825 1837 2890 affirmemus
1866 2846 1927 2891 nos
1955 2846 2098 2908 semper

581 2944 694 2989 ueram
713 2924 887 2989 lectionem
910 2926 1128 3008 perspexisse.
1174 2925 1243 2992 Sed
1264 2927 1413 2991 eruditus
1431 2927 1534 2991 lector
1548 2926 1605 3008 qui
1627 2925 1756 2990 notulas
1778 2935 1908 2990 nostras
1927 2926 1961 2989 in
1977 2924 2099 2992 Actus

581 3027 830 3113 perlustrauerit
852 3031 912 3093 uix
937 3030 1105 3094 dubitabit
1127 3050 1283 3095 censurae
1302 3030 1433 3095 criticae
1456 3029 1488 3093 in
1511 3029 1599 3092 hunc
1615 3028 1734 3093 librum
1759 3049 1864 3113 paene
1885 3050 1947 3113 pro
1970 3029 2098 3094 sunda-

582 3141 696 3196 mento
718 3152 789 3196 esse
809 3133 1058 3217 perceptionem
1077 3134 1319 3218 discrepantiae
1341 3135 1459 3203 harum
1477 3133 1684 3209 familiarum,
1703 3135 1820 3198 ambas
1843 3142 1955 3197 tamen
1978 3131 2101 3199 bonae

582 3245 682 3299 notae
704 3258 784 3311 esse,
802 3246 836 3300 et
859 3237 1056 3302 lectionibus
1079 3258 1193 3303 ueram
1216 3238 1449 3304 auctoritatem
1473 3237 1641 3320 praebere,
1663 3238 1781 3301 ambas
1803 3237 1928 3301 scilicet
1949 3255 1998 3299 ex
2023 3255 2101 3302 uno

583 3337 676 3404 sonte
693 3341 958 3424 Hieronymiano
973 3341 1123 3407 deriuari.

1235 3492 1491 3560 iounnnns
1523 3487 1924 3559 snnisaunimrsis
1956 3471 2050 3558 EPS

1236 3646 1488 3714 HENRICUS
1521 3648 1549 3711 1.
1580 3646 1747 3712 WHITE
1790 3645 1797 3651 ’

716 3752 932 3817 Sarisburiae

585 3873 785 3959 Septembris
799 3871 852 3937 die
865 3886 933 3936 xiv
946 3894 978 3938 a.
994 3871 1025 3938 d.
1042 3886 1272 3939 u.n.cccc.1V.

633 4095 643 4126 ¹
659 4096 737 4160 r.g.i.
753 4094 769 4144 6
784 4100 990 4157 conuenerunt,
1005 4095 1032 4146 ii.
1048 4109 1082 4160 40
1096 4099 1237 4160 pluribus,
1253 4095 1285 4145 ir.
1303 4110 1315 4145 r
1334 4098 1367 4146 in
1382 4099 1454 4154 iesu,
1471 4110 1486 4159 9
1502 4097 1669 4157 indicamur,
1684 4108 1713 4158 3¹
1729 4097 1952 4154 possidebat...
1967 4097 2105 4154 dicebat,

584 4162 644 4212 xvii.
661 4175 690 4209 ar
707 4164 971 4220 superstitiosiores,
983 4178 1023 4210 xx.
1043 4175 1074 4226 ²9
1090 4177 1199 4223 moues,
1214 4163 1264 4211 xxi.
1277 4175 1291 4225 5
1304 4164 1449 4220 explicitis
1463 4164 1573 4226 diebus,
1585 4161 1654 4210 xxiii.
1667 4161 1682 4209 8
1693 4167 1812 4219 utreque
1826 4163 2017 4223 eonfitemur,
2029 4161 2106 4212 xxiv.

587 4242 619 4277 ao
630 4241 769 4285 mensore,
782 4242 838 4276 xxv.
853 4240 883 4274 ro
892 4230 953 4285 ubi,
965 4227 1029 4276 xxvi.
1045 4237 1074 4291 17
1086 4232 1202 4285 populo.
1351 4267 1355 4274 .

635 4293 646 4322 ¹
661 4307 713 4355 eg.
729 4293 745 4340 i.
760 4305 791 4340 20
805 4296 989 4342 commoratio
1001 4298 1026 4342 et
1040 4296 1159 4353 habitet,
1171 4294 1199 4341 ii.
1214 4305 1241 4340 11
1257 4307 1305 4342 eos
1318 4296 1477 4351 loquentes,
1489 4291 1522 4344 ix.
1537 4307 1564 4341 11
1577 4307 1660 4352 surae
1672 4295 1753 4352 uode,
1765 4305 1794 4341 rs
1810 4293 1901 4343 multo
1912 4292 2017 4349 meeis.
2028 4307 2074 4342 xv.
2090 4305 2104 4341 1

585 4361 701 4417 salusti,
712 4372 729 4421 4
740 4371 757 4404 e
773 4359 940 4415 senioribus,
956 4357 985 4407 16
1002 4361 1118 4418 desidit,
1134 4371 1163 4420 19
1180 4362 1333 4416 dominum,
1346 4373 1385 4406 xx.
1399 4373 1413 4419 3
1425 4361 1476 4406 ubi
1488 4373 1552 4406 oum
1563 4361 1665 4408 fuisset
1678 4371 1790 4407 menses
1806 4363 1871 4417 tres,
1885 4371 1900 4420 9
1916 4357 2054 4419 educens,
2070 4370 2107 4422 13

587 4425 811 4480 ensuigsuimus
844 4423 992 4472 librandum
1003 4429 1038 4472 cst
1046 4423 1134 4472 codices
1145 4438 1158 4470 c
1168 4423 1230 4470 dem.
1238 4430 1258 4486 p
1269 4423 1360 4472 mixtos
1371 4438 1428 4481 csse,
1440 4424 1457 4471 ι’.
1465 4439 1485 4472 ι.
1492 4425 1592 4487 partim
1603 4431 1696 4474 ueteres
1702 4425 1801 4488 partim
1813 4420 2046 4484 Hr'eronym'anes.

638 4488 648 4517 ⁸
664 4503 714 4568 ag.
734 4488 761 4538 ii.
782 4501 810 4535 η
830 4491 883 4538 hoe
901 4491 966 4536 uult
985 4502 1055 4550 esse,
1074 4503 1097 4537 v.
1116 4502 1149 4550 34
1165 4491 1295 4537 homines
1314 4488 1473 4553 (spostolos),
1493 4490 1534 4537 vii.
1554 4504 1585 4552 35
1604 4494 1728 4539 iudicem
1747 4489 1812 4553 (sine
1830 4486 1910 4550 add),
1930 4487 1983 4537 xxi.
2009 4503 2026 4554 5
2051 4503 2108 4540 ex.

588 4555 964 4695 puo‘itzaeiii'edmniem
977 4615 1112 4731 (eilrdiene),
1124 4617 1173 4668 xvi.
1189 4630 1201 4665 1
1214 4620 1331 4676 iudeeee
1344 4617 1464 4684 (uiduae),
1477 4620 1535 4670 xvii.
1549 4619 1565 4669 6
1577 4623 1673 4670 orbem
1686 4619 1803 4687 (urbem),
1818 4628 1847 4682 17
1859 4620 1984 4668 ederent
1997 4617 2109 4685 (nodie-

587 4681 1108 4812 ¹¹³¹)›3-v214ffmffinfflsslssi-v.
1129 4750 1160 4798 28
1174 4751 1368 4807 praecepimus
1386 4749 1528 4815 (praecip.),
1548 4749 1610 4800 xxii.
1629 4749 1669 4815 26,
1689 4764 1719 4813 ²9
1738 4751 1810 4798 ciuis
1827 4747 1926 4812 (ciues),
1944 4749 2022 4801 xxiii.
2042 4765 2071 4817 4,
2091 4765 2110 4818 3

586 4817 739 4864 maledices
750 4814 819 4876 (cis)
830 4830 837 4873 ;
854 4814 913 4864 exue
923 4814 999 4864 etiam
1010 4822 1098 4879 supra,
1106 4821 1134 4878 p.
1147 4816 1196 4864 xiv.

634 4878 645 4907 ⁶
661 4895 710 4943 ag.
723 4880 740 4928 i.
754 4894 785 4929 ao
796 4895 902 4942 eorum,
913 4881 941 4930 ii.
954 4892 984 4944 η
997 4895 1098 4939 neque,
1111 4898 1134 4930 x.
1149 4895 1180 4942 30
1191 4895 1280 4938 usque
1291 4883 1332 4928 in.

636 4942 712 5010 ἠν.
728 4946 779 4995 viii.
795 4962 810 5009 4
828 4951 947 4996 uerbum
963 4946 1029 5008 (sine
1043 4946 1122 5008 add),
1145 4958 1172 4993 11
1189 4948 1306 5004 magieis
1324 4949 1383 4995 suis
1400 4945 1467 5009 (sine
1481 4947 1561 5006 addi,
1581 4959 1608 4994 12
1626 4952 1655 4995 et
1672 4946 1787 4994 nomine
1812 4943 1845 4994 ix.
1864 4955 1895 4991 ao
1909 4948 1941 4994 et
1955 4949 2112 5000 conum

588 5010 653 5071 (sine
666 5011 745 5075 add),
758 5012 812 5060 xiii.
826 5025 854 5073 13
867 5016 916 5070 qui
928 5027 992 5060 oum
1004 5025 1039 5061 eo
1052 5012 1116 5073 (sine
1127 5012 1218 5071 erant),
1231 5014 1280 5061 xvi.
1291 5028 1302 5061 2
1316 5016 1513 5062 testimonium
1526 5012 1591 5074 (sine
1603 5011 1683 5072 add),
1694 5010 1752 5059 xxii.
1764 4979 1795 5057 rd
1805 5022 1926 5067 exsurge
1936 5012 2114 5078 baptizae,

587 5077 685 5140 xxiiip
701 5084 848 5135 surgentes
866 5077 979 5140 remu),
993 5090 1020 5125 21
1038 5079 1160 5132 emplius
1173 5078 1239 5140 (sinc
1251 5076 1328 5139 add),
1344 5093 1375 5140 24
1386 5082 1502 5135 paulum
1513 5078 1578 5139 (sine
1592 5077 1670 5141 add),
1683 5076 1757 5127 xxvii.
1771 5088 1800 5138 ²5
1818 5078 1872 5124 deo
1883 5073 1953 5138 (sine
1969 5074 2063 5143 Md),
2075 5094 2115 5146 43

588 5144 695 5198 primos
709 5143 774 5204 (sine
784 5143 810 5189 in
819 5143 905 5205 mare),
918 5143 1001 5191 xxviii.
1018 5141 1048 5190 26
1061 5145 1108 5191 dio
1121 5143 1186 5207 (sr'ru
1196 5142 1275 5203 add).
