4740 6600
785 709 854 769 DE
875 707 1035 769 TEXTU
1054 705 1235 767 NOSTRO
1257 705 1314 766 IN
1332 705 1544 770 ACTIBUS.

766 930 796 996 3.
841 923 995 976 comeus
1018 923 1180 974 Tuumne
1202 922 1346 976 cuxssrs
1369 913 1410 989 Θ,
1426 909 1575 975 KBVR.

481 1066 622 1134 Saeculo
638 1077 756 1132 octauo
775 1076 919 1131 exeunte
937 1075 972 1131 et
987 1085 1075 1130 nono
1095 1065 1229 1129 ineunte
1245 1066 1451 1130 recensiones
1470 1067 1557 1131 duae
1574 1066 1636 1131 sub
1653 1065 1793 1148 imperio
1809 1065 1918 1129 Karo-

414 1168 483 1235 lino
511 1173 705 1248 extiterunt,
728 1190 793 1233 una
822 1190 842 1234 a
872 1168 1069 1248 Theodullo,
1098 1167 1286 1250 Uisigotho,
1316 1169 1547 1235 Aurelianensi
1578 1170 1744 1252 episcopo,
1769 1168 1919 1234 conlecta

415 1272 507 1362 (uide
530 1275 556 1350 l,
578 1296 611 1360 p.
636 1273 719 1357 719),
742 1275 847 1339 altera
871 1275 915 1337 ab
938 1272 1094 1337 Alcuino.
1141 1272 1357 1337 Recensionis
1379 1273 1644 1338 Theodulfianae
1667 1283 1918 1338 monumentum

415 1378 576 1443 eximium
592 1387 641 1442 est
657 1380 696 1457 Θ,
714 1377 769 1460 qui
785 1398 806 1440 a
822 1375 999 1459 Uisigotho
1014 1377 1149 1439 homine
1164 1375 1351 1440 conlectum
1372 1395 1532 1458 magnam
1551 1396 1626 1440 cum
1643 1375 1702 1442 CT
1719 1376 1917 1441 affinitatem

414 1481 535 1558 habet3
559 1481 715 1546 lectiones
728 1491 840 1545 tamen
855 1479 993 1567 subinde
1008 1479 1205 1562 antiquiores
1221 1480 1374 1544 ostendit
1389 1488 1423 1543 et
1439 1499 1515 1543 cum
1533 1480 1565 1542 D
1579 1488 1612 1542 et
1625 1479 1656 1544 Ο
1669 1481 1918 1544 concordantes.

415 1585 575 1650 Codicem
590 1585 802 1649 Aniciensem
819 1582 1006 1660 Theodulfi,
1021 1582 1126 1646 forma
1142 1601 1246 1663 paene
1260 1581 1455 1664 gemellum,
1471 1602 1537 1645 non
1552 1581 1764 1645 contulimus.

480 1687 693 1753 Recensionis
706 1686 934 1759 Alcuinianae,
949 1705 1035 1768 quae
1053 1686 1086 1748 in
1102 1685 1246 1750 Actibus
1262 1706 1283 1748 a
1301 1686 1415 1750 codice
1439 1685 1595 1750 Fuldensi
1619 1687 1767 1750 maxime
1787 1685 1919 1769 pendet,

414 1801 491 1855 sunt
507 1790 648 1869 KBVR,
663 1811 747 1873 quos
762 1789 880 1853 ordine
894 1789 1052 1853 bonitatis
1070 1788 1113 1852 ad
1129 1786 1228 1852 huius
1244 1785 1320 1852 libri
1344 1797 1476 1853 textum
1493 1788 1765 1852 constituendum
1783 1808 1918 1853 enume-

415 1914 534 1958 ramus.
580 1893 755 1958 Mirabitur
769 1903 857 1960 certe
875 1891 979 1957 lector
995 1889 1252 1960 Uallicellanum
1272 1888 1340 1978 (V),
1357 1893 1414 1973 qui
1431 1891 1629 1956 recensionis
1644 1889 1869 1956 Alcuinianae
1885 1892 1919 1955 in

417 1996 609 2081 Euangeliis
628 2016 747 2080 agmen
769 1997 871 2074 ducit,
887 2015 954 2059 non
975 1994 1084 2078 primo
1106 1993 1179 2059 loco
1200 1994 1259 2058 sed
1283 1996 1382 2058 tertio
1404 1993 1566 2062 collocari.
1612 1993 1679 2059 Sed
1703 1996 1920 2060 obseruamus

415 2101 575 2166 editorem
598 2101 631 2164 in
653 2099 806 2185 capitulis
821 2099 832 2163 i
848 2108 881 2164 et
897 2099 918 2161 ii
935 2098 1171 2182 praestantiam
1194 2098 1317 2162 codicis
1337 2097 1515 2163 Fuldensis
1536 2098 1568 2160 in
1593 2098 1699 2182 prima
1719 2096 1793 2162 libri
1817 2096 1920 2161 nostri

416 2212 511 2286 parte
528 2224 594 2268 non
614 2205 728 2268 statim
743 2201 1006 2284 deprehendisse,
1022 2209 1056 2264 et
1078 2209 1211 2265 textum
1228 2201 1449 2265 Amiatinum
1465 2201 1524 2285 qui
1548 2202 1582 2264 in
1605 2201 1760 2284 capitulis
1783 2200 1870 2264 i-viii
1886 2207 1921 2263 et

415 2307 561 2385 xiv-xvi,
572 2316 608 2371 ut
623 2307 769 2384 dicimus,
786 2304 919 2368 minoris
936 2304 1094 2368 momenti
1110 2312 1169 2383 est,
1181 2304 1322 2385 propius
1338 2314 1499 2369 secutum.
1543 2303 1740 2367 Notandum
1753 2313 1803 2367 est
1819 2304 1920 2367 etiam

414 2409 667 2494 capitulationes
683 2409 720 2484 F,
737 2408 807 2483 SU,
824 2410 862 2484 Θ,
880 2406 979 2470 KBR
993 2406 1126 2471 easdem
1142 2426 1213 2471 esse
1232 2426 1239 2483 ;
1262 2407 1321 2471 sed
1345 2405 1602 2489 capitulationes
1617 2407 1740 2471 codicis
1754 2405 1788 2470 V
1805 2407 1918 2488 singu-

415 2513 499 2578 lares
514 2523 599 2591 sunt,
612 2532 717 2596 neque
733 2530 808 2577 cum
824 2511 876 2575 his
891 2529 996 2593 neque
1010 2530 1086 2574 cum
1097 2508 1277 2580 Amiatinis
1292 2509 1360 2574 ullo
1385 2511 1485 2574 modo
1501 2510 1716 2575 concordant.

718 2716 750 2776 4.
795 2709 921 2763 couux
945 2708 1093 2761 sexsus
1117 2708 1238 2760 numo
1260 2709 1364 2761 xuuo
1391 2695 1620 2762 usman.

482 2854 536 2918 De
569 2853 632 2917 hoc
661 2851 775 2918 codice
803 2872 824 2915 a
857 2851 1015 2916 Willelmo
1042 2852 1085 2916 de
1116 2851 1229 2927 Hales,
1255 2872 1317 2936 pro
1346 2850 1480 2916 Thoma
1509 2851 1552 2915 de
1581 2850 1614 2914 la
1641 2850 1729 2916 Wile
1759 2851 1920 2934 magistro

415 2955 601 3021 scholarum
616 2954 737 3020 Sarum
747 2970 781 3019 n.
793 2970 829 3019 n.
842 2971 928 3039 1254
938 2955 1068 3038 script0,
1080 2976 1185 3038 pauca
1201 2964 1332 3021 tantum
1348 2954 1488 3018 dicenda
1500 2963 1584 3018 sunt.
1624 2953 1715 3019 Utin
1730 2954 1919 3037 Euangeliis

416 3059 562 3123 ostendit
579 3068 712 3123 textum
732 3057 1005 3123 scholasticorum
1028 3058 1128 3121 medii
1151 3058 1225 3123 aeui
1246 3057 1397 3122 manibus
1419 3058 1555 3133 tritum3
1579 3066 1671 3122 amat
1691 3059 1920 3124 additamenta

416 3172 450 3227 et
465 3162 622 3228 lectiones
636 3161 866 3238 occidentales,
882 3172 915 3226 et
931 3162 1122 3245 saepissime
1138 3182 1213 3227 cum
1230 3163 1345 3227 codice
1362 3162 1471 3226 mixto
1486 3184 1503 3226 c
1519 3162 1706 3227 concordat.

1063 3468 1178 3545 CAP.
1208 3467 1272 3544 lV.

703 3669 779 3746 DE
808 3671 1004 3747 TEXTU
1035 3671 1263 3749 NOSTRO
1293 3672 1352 3746 lN
1383 3668 1636 3746 ACTIBUS.

483 3843 540 3910 Ex
559 3845 611 3911 his
628 3866 715 3929 quae
731 3868 832 3930 supra
850 3867 947 3932 capp.
964 3847 981 3911 I
999 3857 1034 3913 et
1050 3847 1103 3911 111
1123 3847 1322 3926 notauimus,
1339 3849 1550 3932 perspicuum
1570 3847 1630 3911 erit
1649 3847 1772 3926 lectori,
1787 3847 1918 3912 codices

417 3958 547 4013 nostros
564 3950 596 4012 in
612 3950 756 4014 Actibus
774 3950 808 4013 in
822 3949 906 4014 duas
928 3948 981 4014 uel
1004 3949 1112 4015 forsan
1132 3958 1200 4015 tres
1221 3969 1358 4034 magnas
1378 3950 1516 4015 familias
1538 3949 1645 4015 diuidi
1665 3970 1764 4034 posse
1779 3970 1917 4034 quarum

369 4091 372 4095 ,
417 4051 524 4133 prima
539 4061 670 4117 constat
684 4072 729 4117 ex
746 4050 1010 4140 GA(D)1M(0)‚
1021 4054 1166 4117 secunda
1181 4073 1226 4117 ex
1242 4050 1584 4140 Fsu(o)KBvRW,
1596 4053 1693 4118 tertia
1708 4074 1752 4119 ex
1766 4054 1825 4119 CT
1840 4073 1917 4116 cum

416 4154 538 4236 quibus
560 4176 660 4240 saepe
681 4156 926 4241 coniunguntur
948 4158 988 4234 Θ,
1002 4164 1036 4221 et
1059 4152 1126 4220 DO
1149 4156 1206 4239 qui
1227 4152 1306 4222 licet
1329 4155 1445 4221 maiori
1469 4176 1513 4220 ex
1535 4167 1632 4240 parte
1653 4177 1728 4222 cum
1746 4156 1918 4221 Amiatino

417 4257 549 4339 saciant,
575 4268 688 4324 tamen
713 4257 766 4324 hic
791 4258 857 4324 illic
883 4257 978 4341 quasi
1005 4258 1100 4324 initia
1126 4259 1323 4324 uarietatum
1351 4258 1481 4324 illarum
1507 4259 1667 4324 exhibent
1691 4279 1777 4343 quae
1802 4267 1919 4343 postea

417 4361 522 4446 magis
541 4361 712 4446 magisque
731 4360 764 4427 iu
784 4361 954 4427 codicibus
976 4359 1168 4448 Hispanicis
1189 4363 1409 4428 inueniuntur.
1453 4363 1523 4429 Sed
1538 4384 1582 4428 ex
1599 4361 1651 4428 his
1666 4364 1771 4428 tribus
1785 4361 1917 4427 familiis
1971 4407 1975 4415 .

417 4466 524 4549 prima
539 4475 573 4531 et
587 4467 730 4531 secunda
746 4466 842 4531 nobis
857 4465 890 4531 in
905 4476 1004 4531 textu
1019 4466 1251 4531 constituendo
1268 4465 1401 4532 maioris
1418 4467 1577 4532 momenti
1593 4478 1679 4532 sunt.

485 4566 570 4633 Cum
586 4578 698 4634 autem
717 4570 781 4634 hae
802 4569 945 4635 familiae
968 4568 1159 4651 saepissime
1179 4569 1211 4634 in
1234 4578 1346 4654 partes
1367 4581 1454 4650 eant,
1469 4590 1536 4635 non
1559 4570 1742 4635 iudicamus
1765 4569 1850 4634 hanc
1865 4568 1918 4633 uel

418 4670 508 4736 illam
532 4692 663 4756 semper
688 4674 893 4756 sequendam
921 4691 1001 4736 esse.
1063 4671 1173 4737 lmmo
1195 4692 1274 4736 uero
1301 4693 1386 4738 nunc
1412 4672 1496 4737 hanc
1523 4693 1608 4738 nunc
1634 4672 1724 4737 illam
1749 4672 1920 4754 sequimur

418 4775 602 4839 secundum
616 4774 748 4858 regulas
766 4795 786 4838 a
802 4775 898 4839 nobis
915 4775 948 4838 in
964 4774 1212 4858 euangeliorum
1227 4783 1324 4841 textu
1343 4776 1574 4841 constituendo
1589 4775 1775 4860 propositas
1784 4773 1876 4860 (uide
1891 4776 1919 4858 Ι,

417 4896 474 4961 pp.
491 4877 664 4961 725-732).
708 4877 845 4942 Plurimi
862 4887 940 4942 sunt
960 4877 1024 4942 loci
1046 4878 1101 4943 ubi
1123 4877 1297 4943 lectionem
1319 4898 1500 4962 quaecum
1521 4879 1655 4961 graecis,
1672 4887 1705 4942 et
1726 4877 1919 4961 praesertim

417 5001 493 5045 cum
516 4982 642 5064 graccis
664 4980 896 5045 uetustissimis
913 4983 1104 5060 concordet,
1119 4980 1368 5063 praetulimus¹.
1415 4982 1479 5046 His
1500 4981 1654 5064 proxime
1673 4982 1834 5046 accedunt
1854 4980 1918 5046 loci

417 5084 603 5166 complures
623 5083 679 5146 ubi
697 5083 872 5147 lectionem
887 5102 973 5168 quae
995 5103 1152 5167 graecum
1169 5082 1286 5149 melius
1305 5083 1406 5149 latine
1423 5084 1540 5149 reddat
1560 5084 1659 5148 simili
1679 5084 1807 5149 ratione
1824 5104 1917 5149 acce·

465 5249 476 5281 ¹
491 5265 543 5315 ng.
555 5250 572 5301 l.
586 5261 616 5315 17
627 5253 703 5311 quie,
715 5249 741 5300 ii.
751 5265 768 5314 4
779 5252 850 5313 eliis,
861 5252 898 5301 iii.
911 5265 938 5301 11
954 5268 1021 5304 oum
1032 5258 1145 5302 cenem
1156 5259 1258 5314 sutem,
1272 5253 1306 5302 lv.
1319 5267 1350 5316 ²4
1363 5254 1449 5303 deum
1461 5250 1503 5318 (cf.
1516 5253 1549 5302 vi
1562 5263 1585 5317 7,
1597 5253 1640 5304 vii.
1653 5253 1688 5318 7),
1700 5268 1725 5303 v.
1738 5253 1753 5302 8
1765 5257 1835 5303 mihi
1851 5254 1917 5318 (sine

417 5315 722 5380 mulier),34hom1nes,
736 5330 767 5382 39
779 5321 921 5380 peronne,
938 5319 991 5368 viii.
1006 5318 1038 5381 36
1052 5321 1134 5379 quid,
1146 5318 1179 5368 lx.
1192 5333 1206 5382 5
1220 5322 1396 5377 persequens
1410 5318 1476 5380 (sine
1489 5318 1570 5383 add),
1583 5333 1614 5380 ro
1624 5322 1793 5378 loquebatur
1804 5334 1916 5378 quoque

419 5382 485 5433 lrr'ne
501 5382 637 5446 gentibus),
654 5383 704 5432 xlv.
725 5396 753 5446 15
769 5390 872 5433 temrn
889 5390 927 5445 et,
943 5400 983 5433 xv.
1000 5398 1013 5433 2
1031 5399 1068 5435 ox
1083 5387 1154 5445 illle,
1171 5385 1220 5434 xix.
1238 5383 1254 5433 6
1270 5398 1379 5444 manus,
1396 5398 1412 5448 9
1429 5388 1546 5442 tyranni
1562 5384 1629 5448 (sine
1643 5384 1720 5448 add),
1739 5397 1769 5448 ²3
1786 5388 1836 5435 uic
1850 5385 1916 5448 (sine

417 5446 499 5511 add.),
510 5446 559 5496 xxi.
571 5449 587 5497 8
598 5455 659 5498 eret
676 5448 742 5514 (risu
756 5448 838 5514 add),
849 5448 918 5499 xxiii.
933 5450 962 5498 18
978 5465 1093 5509 uocem,
1108 5462 1136 5498 21
1150 5453 1187 5511 el,
1199 5450 1273 5500 xxvii.
1288 5452 1515 5508 rmorpnntem:
1533 5450 1592 5500 urile
1602 5451 1678 5499 errem
1695 5457 1773 5515 supra
1779 5456 1806 5513 p.
1819 5450 1871 5500 xiil.
