4808 6594
704 727 887 790 PRAEFA
897 726 1067 789 TIONES
1087 727 1146 788 IN
1164 727 1313 790 octos
1334 726 1685 790 APOSTOLORUM.

511 897 640 965 mdia
650 897 742 963 quinta
752 897 896 948 continetur
905 897 934 946 in
945 896 1010 947 codd.
1024 896 1115 946 nostris
1126 895 1189 958 MR,
1200 896 1401 962 edits'oniiusque
1411 895 1526 962 antiquis
1533 895 1660 962 pluribus,

511 977 546 1026 In
556 977 706 1028 editionibus
713 977 839 1042 primum,
851 976 880 1025 in
891 976 915 1025 R
922 975 1067 1035 secundum,
1079 975 1109 1024 in
1119 973 1149 1022 bi
1161 975 1266 1024 tertium
1277 981 1342 1024 tenet
1352 974 1440 1024 tooum.

511 1054 641 1120 Impressit
656 1055 732 1104 etiam
746 1053 837 1119 priora
853 1060 877 1102 et
893 1053 985 1102 ultima
1001 1053 1077 1101 uerba
1097 1051 1246 1102 Tiomasius
1260 1052 1283 1102 1.
1289 1060 1317 1117 p.
1330 1051 1392 1115 356;
1415 1053 1445 1101 in
1461 1050 1558 1102 Bittiis
1574 1050 1700 1117 impressis
1716 1065 1772 1101 cum
1786 1050 1946 1118 proesotsbne

610 1132 702 1181 ‘Actus
712 1131 885 1197 apostolorum
896 1131 989 1181 nudem
999 1127 1117 1196 quidem'
1127 1136 1169 1179 etc.
1182 1131 1211 1178 in
1223 1144 1306 1179 unum
1317 1130 1449 1179 coniuncto
1460 1136 1503 1178 est.

512 1209 638 1275 Praefatio
653 1211 808 1272 Hieronymo
820 1209 974 1259 adscribitur
987 1207 1031 1257 sed
1047 1209 1116 1258 inter
1129 1213 1203 1272 opero
1219 1208 1274 1256 eius
1291 1222 1341 1255 non
1358 1207 1511 1261 inuenitur,-
1528 1207 1667 1256 notandum
1677 1214 1713 1256 est
1729 1208 1806 1258 etiam
1817 1214 1944 1258 auctorem

606 1287 737 1338 Psolmum
754 1297 864 1336 cxxxtn
876 1287 995 1352 quamuis
1008 1302 1058 1334 non
1073 1286 1108 1334 ad
1121 1285 1225 1334 uerbum
1240 1299 1272 1334 ex
1278 1285 1400 1334 Psoltm'o
1411 1286 1524 1334 Romana
1541 1286 1627 1334 citasse
1639 1300 1695 1334 curn
1707 1286 1880 1348 Hieronymus
1890 1286 1945 1352 ipse

607 1363 765 1430 (Ep.1.xx11.
777 1378 798 1426 r,
811 1380 879 1414 onno
888 1365 936 1429 398
946 1364 1006 1427 ser.)
1017 1363 1121 1414 eundem
1132 1378 1233 1412 uersum
1242 1379 1274 1414 ex
1285 1363 1364 1412 Psolt.
1378 1362 1508 1412 Gallicano
1519 1362 1618 1426 adserat
1624 1380 1636 1423 ;
1655 1362 1736 1412 multo
1746 1379 1778 1414 ex
1789 1364 1946 1428 Hieronymi

601 1443 757 1508 praefatione
769 1444 798 1492 in
809 1443 904 1492 tibrum
915 1443 999 1492 Eerae
1009 1441 1144 1505 desumpsit
1154 1447 1248 1490 auctor.

509 1520 589 1570 Inser.
607 1520 693 1585 incipit
712 1519 818 1586 prelucio
834 1522 902 1571 beati
916 1520 1047 1570 hieronimi
1065 1519 1193 1584 presbiteri
1210 1519 1247 1580 M,
1263 1518 1350 1583 incipit
1365 1517 1474 1583 prefecto
1490 1518 1570 1568 sancti
1588 1517 1719 1568 hieronimi
1736 1518 1794 1583 prbi
1813 1518 1839 1567 in
1855 1517 1944 1569 mum

605 1599 776 1663 apostolorum
788 1598 820 1656 R,
828 1598 917 1663 incipit
928 1597 1033 1662 poeiutio
1043 1597 1111 1647 berti
1123 1596 1270 1660 Hieronymi
1278 1595 1413 1661 presbyteri
1424 1597 1449 1645 in
1460 1595 1551 1646 irinum
1560 1596 1639 1645 Actus
1647 1597 1767 1659 (Actuum
1779 1596 1943 1660 Saeon1515,

606 1677 698 1727 Actum
709 1676 819 1741 Pogon.)
831 1677 1002 1742 apostolomm
1015 1674 1077 1736 edd,
1088 1675 1176 1739 incipit
1189 1673 1309 1739 prologus
1323 1672 1350 1724 S.
1361 1674 1510 1738 Hieronymi
1521 1673 1657 1738 Presbyteri
1673 1674 1699 1723 in
1715 1673 1819 1724 Librum
1830 1673 1943 1725 Actuum

605 1755 785 1820 Apostolorum
801 1753 888 1804 Tium.

531 1869 629 1934 Canit
661 1870 841 1954 psalmista,
871 1868 1106 1934 Ambulabunt
1136 1889 1157 1932 a
1187 1867 1366 1933 uirtutibus
1398 1866 1431 1931 in
1465 1868 1631 1933 uirtutem.
1689 1868 1768 1934 Post
1797 1866 1940 1950 apostoli

445 1972 537 2038 Pauli
560 1973 717 2056 epistolas
736 1973 865 2037 'dudum
892 1992 958 2036 uno
982 1973 1079 2036 uobis
1105 1970 1273 2035 uolumine
1296 1971 1481 2049 translatas,
1504 1972 1673 2037 Domnion
1695 1982 1729 2036 et
1752 1971 1941 2055 Rogatiane

443 2076 610 2150 carissimi,
626 2085 719 2140 actus
734 2074 960 2158 apostolorum
976 2072 1176 2157 compellitis
1191 2083 1227 2137 ut
1243 2074 1434 2138 transieram
1451 2075 1482 2137 in
1500 2074 1648 2138 latinum.
1693 2073 1802 2157 Quem
1818 2073 1940 2138 librum

443 2177 523 2243 nulli
544 2179 681 2243 dubium
705 2189 755 2243 est
778 2199 798 2242 a
821 2179 913 2243 Luca
936 2177 1155 2253 Antiocheno,
1171 2188 1242 2242 arte
1264 2177 1401 2255 medico,
1416 2178 1472 2261 qui
1495 2187 1612 2261 postea
1635 2177 1813 2242 inseruiens
1836 2176 1941 2242 Paulo

442 2280 596 2365 apostolo
618 2280 738 2349 Christi
762 2281 868 2345 iactus
890 2291 940 2346 est
963 2280 1151 2362 discipulus,
1174 2280 1272 2344 fuisse
1298 2280 1433 2344 editum.
1479 2279 1633 2345 Ceruices
1654 2280 1776 2363 premit
1797 2280 1968 2364 inpositas

440 2384 571 2466 saepius
587 2384 694 2449 oneris
716 2385 921 2468 magnitudo,
935 2385 1013 2468 quia
1033 2383 1144 2449 studia
1160 2384 1345 2449 inuidorum
1364 2382 1618 2468 reprehensione
1639 2384 1739 2467 digna
1760 2393 1878 2469 putant
1899 2405 1941 2448 ea

440 2506 526 2568 quae
545 2489 724 2553 scribimus.
771 2488 907 2553 Illorum
931 2508 1114 2571 numquam
1137 2489 1216 2553 odio
1238 2498 1272 2552 et
1292 2488 1499 2554 detractione
1520 2488 1654 2552 iuuante
1674 2486 1805 2553 Christo
1826 2508 1937 2553 meum

439 2590 549 2656 silebit
571 2592 750 2676 eloquium.

474 2781 496 2818 1.
514 2768 607 2818 embol.
628 2768 660 2819 de
681 2769 811 2819 uirtutibus
831 2769 857 2818 in
883 2769 986 2819 uirtutes
1008 2768 1079 2827 edd.;
1107 2768 1138 2832 rs.
1239 2768 1813 2834 Erroe(Uott1ms5rr)‘mrgnitndooperis
1824 2768 1936 2834 impositi

438 2846 518 2895 I'sott.
536 2846 679 2896 Romanum
697 2855 736 2911 ps.
756 2857 876 2896 Lxxxnt.
894 2846 909 2895 8
932 2846 1012 2906 (Uolt.
1031 2857 1059 2896 x.
1079 2845 1137 2910 286)
1238 2846 1273 2897 in
1285 2848 1392 2897 ceruices
1403 2848 1493 2912 premit
1503 2845 1545 2897 ut'
1556 2854 1600 2897 etc.
1633 2850 1810 2898 inuidomm:
1827 2847 1853 2896 in
1865 2847 1936 2898 iudo·

438 2924 532 2973 embol.
549 2923 580 2973 de
598 2925 687 2974 uirtute
704 2927 729 2974 in
746 2925 875 2980 uirtutem:
898 2924 1072 2988 Hieronymus
1088 2924 1139 2988 ipse
1239 2939 1292 2973 rum
1304 2926 1335 2974 R.
1364 2927 1465 2983 omnes
1477 2925 1567 2989 dignos
1575 2923 1763 2989 R'(eorr.R⁶);
1782 2924 1936 2989 dignumst*

440 3002 603 3067 (Ep.1.xx11.
616 3005 642 3066 r)
660 3003 721 3052 rr'tat
737 3002 807 3051 ibunt
824 3002 855 3052 de
872 3003 963 3053 uirtute
979 3003 1003 3052 ln
1021 3002 1137 3052 uirtutem
1239 3004 1276 3066 (m
1294 3001 1382 3065 eron).
1423 3001 1558 3068 oj.Praes.
1575 3003 1604 3051 in
1623 3004 1641 3052 1.
1659 3003 1740 3053 Esroe
1751 3002 1886 3053 ‘nooednnt
1902 3003 1937 3053 ed

438 3094 494 3127 cum
508 3079 647 3129 Gallicano.
690 3087 754 3139 poet
765 3095 812 3130 om.
821 3080 874 3129 MR
889 3079 989 3143 (habent
999 3079 1088 3129 codices
1099 3092 1137 3129 re·
1236 3080 1285 3130 hoc
1303 3081 1443 3131 inuidomm
1462 3082 1552 3144 studio,
1569 3082 1613 3148 qni
1634 3097 1707 3132 omne
1723 3080 1791 3146 quod
1807 3080 1937 3132 scdbim

438 3155 555 3205 certiores
565 3162 589 3206 et
598 3156 673 3220 edd).
1235 3157 1462 3224 reprehendendum
1473 3160 1578 3224 pntrnt'

472 3247 495 3283 o.
512 3234 637 3284 trauslrtis
659 3235 690 3285 lt
735 3235 826 3284 dimon
853 3235 904 3286 edd
946 3235 1077 3299 rogneinne
1103 3234 1135 3297 R,
1270 3245 1292 3299 y.
1304 3250 1352 3300 que
1362 3234 1394 3285 R.
1419 3251 1544 3302 nunqmm
1555 3235 1587 3287 R.
1620 3232 1746 3286 hodioR¹.
1778 3235 1935 3286 detraccione

437 3310 551 3375 rogotion
564 3311 601 3373 M,
613 3313 742 3376 rogatione
752 3314 788 3362 ed.
800 3313 897 3362 Hester.
1234 3311 1267 3362 R.
1300 3312 1401 3362 lubente
1420 3313 1472 3365 Μ’.

471 3403 496 3451 3.
512 3390 599 3440 hictus
610 3391 640 3440 R.
674 3389 816 3455 conpellitis
827 3391 864 3439 M.
1276 3390 1299 3439 8.
1311 3389 1393 3439 sileuit
1405 3391 1443 3440 M.
1477 3390 1638 3456 cfipmcfiin
1656 3389 1769 3441 tliuue
1785 3390 1935 3456 ‘nnmqnum

470 3484 495 3531 4.
511 3467 628 3518 luchuR
660 3469 808 3519 anthioceno
819 3468 857 3518 M.
1233 3483 1326 3528 meum,
1355 3467 1454 3519 iuuante
1482 3470 1591 3531 Christo,
1618 3469 1702 3519 silebit
1728 3468 1881 3535 eloquium.
1900 3504 1934 3526 .,

471 3558 496 3608 5.
512 3550 556 3594 eet
574 3560 622 3595 err.
640 3545 693 3595 MR
712 3545 813 3610 (hahent
829 3546 893 3595 codd.
912 3552 999 3596 recent.
1017 3553 1040 3595 et
1058 3546 1133 3611 edd).
1233 3543 1315 3607 mugio
1326 3549 1407 3592 uestra
1418 3544 1520 3594 mritute
1532 3544 1687 3609 prouocchor
1697 3543 1729 3593 ud
1740 3545 1847 3594 studium
1858 3559 1934 3610 quum

438 3623 548 3673 reditum
560 3623 592 3673 R.
1233 3621 1335 3671 illorum
1350 3620 1500 3672 decretione
1512 3628 1536 3672 et
1548 3623 1610 3673 odio
1621 3620 1776 3672 detenebor)

417 3729 421 3738 -
469 3699 587 3766 &sepius
598 3701 659 3754 MR.
695 3702 793 3753 honeris
802 3702 834 3752 R.
861 3700 1132 3767 cs.Proej.intibrum

500 3815 598 3866 Subur.
610 3814 713 3882 explicit
724 3815 830 3881 prefatio
841 3817 878 3877 M,
891 3815 992 3880 explicit
1003 3815 1112 3880 prelucio
1122 3813 1255 3865 hieronimi
1266 3813 1321 3881 prbi
1333 3817 1364 3866 lt

1061 3978 1210 4028 Eoroooore
1225 3979 1306 4029 Nora
1350 4009 1352 4014 ·

501 4067 648 4119 Obseruobit
657 4069 732 4119 lector
740 4068 856 4119 eraditm
867 4067 913 4116 ios
924 4068 1036 4134 quinque
1042 4067 1210 4133 praefationes
1214 4068 1365 4134 plerumque
1374 4083 1405 4117 ex
1415 4066 1517 4117 laciniis
1525 4065 1736 4130 Hieronymianis
1745 4081 1794 4115 esse
1804 4065 1931 4131 confectos,

434 4145 533 4193 nullam
549 4153 633 4196 autem
649 4163 737 4197 comm
755 4162 842 4195 ueram
858 4161 906 4194 esse
922 4153 946 4194 et
959 4146 1100 4210 genuinam
1112 4145 1294 4210 praefationem
1312 4148 1356 4196 uet
1363 4145 1518 4209 Hieronymi
1527 4146 1570 4194 uel
1578 4144 1647 4193 atius
1657 4143 1784 4208 scriptoris
1795 4144 1825 4192 in
1836 4142 1931 4192 tibrum

433 4223 477 4270 cui
481 4224 636 4287 praepositae
646 4230 714 4274 sunt.
749 4225 856 4288 Exque
873 4239 901 4271 re
916 4225 971 4273 sine
984 4223 1058 4272 dubio
1074 4223 1238 4286 collegendum
1256 4224 1360 4272 uidetur
1375 4223 1475 4273 nullom
1487 4223 1516 4271 in
1529 4226 1607 4273 Actus
1613 4220 1794 4286 praefationem
1805 4219 1930 4284 scripsisse

432 4300 626 4361 Hieronymum.
660 4303 720 4350 Non
730 4308 814 4350 tomen
824 4316 850 4349 eo
855 4301 1036 4365 progredimur
1045 4307 1075 4348 ut
1085 4301 1214 4349 credamus
1224 4302 1410 4364 Hieronymum
1427 4301 1521 4349 librum
1540 4316 1589 4348 non
1606 4298 1750 4360 emundasse,
1761 4314 1825 4364 quoe
1834 4303 1929 4347 senten·
1963 4318 1968 4324 ·

432 4377 469 4425 tin
485 4378 632 4442 quibusdam
650 4378 718 4427 uiris
729 4378 875 4427 doctissimis
886 4378 987 4442 placet;
1010 4377 1069 4426 uide
1085 4378 1192 4427 Hieron.
1210 4379 1255 4443 Op.
1273 4380 1322 4429 uol.
1339 4395 1362 4437 x,
1369 4385 1413 4443 pp.
1431 4377 1540 4426 xix-xxii
1559 4376 1606 4440 (ed.
1628 4375 1715 4439 Uati).
1750 4377 1844 4426 Doeent
1860 4374 1928 4422 enirn

432 4454 544 4510 lectiones
559 4455 589 4504 in
606 4456 700 4505 rutulis
717 4455 809 4504 nostn‘s
823 4453 956 4518 descriptos
973 4455 1061 4504 codices
1076 4461 1169 4504 nostros
1175 4456 1325 4520 plerumque
1340 4470 1392 4505 uno
1407 4455 1507 4519 agnum
1522 4459 1608 4503 eontra
1625 4460 1718 4501 ueteres
1728 4459 1794 4502 stare
1809 4460 1833 4502 et
1850 4451 1928 4500 unius

433 4533 490 4580 uiri
512 4539 617 4582 mentem
640 4533 669 4582 in
690 4540 760 4598 opere
779 4532 957 4582 emendationis
980 4533 1131 4582 laborantem
1148 4534 1259 4595 prodere.
1307 4534 1371 4596 Quis
1390 4533 1433 4581 ille
1443 4531 1538 4596 fuerit,
1558 4531 1611 4580 nisi
1628 4530 1807 4594 Hieronymus,
1822 4537 1928 4594 prorsus

433 4622 561 4659 nescimus.
