4740 6600
786 706 935 768 news
955 707 1307 771 APOSTOLoRUM.

874 874 911 925 u.
923 875 1011 925 eamr.
1025 877 1057 927 Α.
1071 876 1091 925 1.
1105 887 1127 940 t·
1139 878 1200 926 Meu
1210 890 1233 943 t·

797 1229 850 1290 Vl.
872 1230 918 1291 De
937 1231 1047 1291 iudaeis
1064 1232 1114 1309 qui
1136 1233 1215 1292 iuxta
1229 1233 1296 1292 hor-

837 1327 977 1385 tationem
997 1328 1070 1403 petri
1090 1327 1216 1403 apostoli
1232 1345 1296 1386 cru-

835 1421 962 1478 cifixisse
977 1437 1009 1478 se
1027 1419 1181 1480 domiuum
1196 1423 1295 1498 paeni·

746 1510 747 1513 ’
836 1511 945 1569 tebant.

240 2084 279 2144 V.
317 2085 515 2149 Pulcherrima
542 2091 572 2150 in
598 2092 744 2153 Hieroso·
795 2091 864 2152 VII.
885 2092 932 2152 De
943 2095 1034 2154 tribus
1048 2095 1165 2154 milibus
1177 2095 1295 2157 iudaeo
1348 2099 1478 2161 XXXII.
1514 2099 1560 2160 De
1588 2103 1673 2179 panis
1708 2102 1849 2167 fractione

283 2181 370 2260 lymis
409 2186 556 2246 nascentis
591 2186 742 2249 Ecclesiae
834 2186 1294 2267 rumelemosynamsanctispost
1387 2215 1440 2274 per
1453 2196 1570 2256 domos.

281 2277 342 2336 uita
370 2277 558 2341 describitur:
588 2281 637 2340 ubi
662 2281 741 2359 Apo-

281 2371 366 2431 stolis
374 2372 458 2450 plura
467 2374 550 2451 signa
559 2373 740 2447 facientibus,

281 2466 461 2525 credentium
484 2469 615 2545 quotidie
637 2485 740 2528 nume-

246 2617 249 2627 ,
284 2577 333 2619 rus
347 2571 477 2638 augetur.

832 2281 1030 2341 credulitatem
1046 2283 1218 2342 iacientium.

243 2651 296 2714 VI.
317 2652 420 2713 Petrus
440 2665 469 2714 et
490 2652 639 2716 Iohannes
662 2655 740 2716 clau·
791 2666 876 2727 VIII.
898 2667 945 2726 De
966 2667 1071 2726 claudo
1085 2685 1173 2744 quem
1191 2679 1291 2745 petrus
1343 2677 1445 2740 t1111.
1478 2679 1580 2740 Petrus
1600 2691 1630 2740 et
1655 2679 1795 2741 iohannes
1816 2655 1847 2740 in
1901 2720 1904 2725 ·

281 2747 352 2806 dum
388 2748 419 2807 in
453 2749 585 2827 ingressu
622 2749 740 2828 Templi

281 2841 395 2902 saluant
409 2863 416 2901 ε
437 2854 467 2903 et
480 2843 642 2904 admirante
653 2862 741 2922 super

282 2934 340 2996 hoc
354 2937 474 3015 populo,
490 2939 521 2996 in
537 2938 656 2998 nomine
672 2939 740 2998 Iesu

281 3048 349 3090 eum
398 3042 532 3091 sanatum
575 3032 739 3093 declarant:

281 3142 358 3202 quos
378 3127 617 3204 superuenientes
639 3127 739 3187 Sacer-

282 3218 365 3279 dotes
387 3231 416 3280 et
440 3219 603 3281 Sadducaei
624 3223 654 3280 in
677 3241 739 3282 car·

280 3332 379 3374 cerem
403 3315 529 3390 tradunt,
555 3317 739 3377 credentibus

282 3408 320 3467 de
348 3409 431 3469 turba
459 3411 588 3487 qulnquc
622 3412 739 3471 milibus

832 2761 995 2820 ascendens
1042 2760 1081 2819 ad
1128 2760 1290 2820 orationem

832 2855 909 2913 circa
933 2853 1036 2914 horam
1060 2872 1170 2914 nonam
1195 2873 1290 2914 rerum

832 2957 1002 3024 contemptu
1017 2947 1123 3007 uirtute
1136 2949 1256 3008 curauit.

792 3039 894 3101 VIIII.
935 3042 981 3101 De
1022 3043 1159 3119 sospitate
1194 3042 1291 3102 claudi

833 3153 923 3212 quem
934 3134 1033 3195 christi
1044 3136 1148 3195 uirtute
1161 3147 1290 3195 curatum

832 3230 882 3306 qui
901 3228 939 3288 ad
957 3229 1087 3306 ipsorum
1109 3231 1291 3290 restauratio-

832 3342 900 3381 nem
915 3334 1055 3382 uenerant
1070 3323 1280 3400 adprobabant.

1383 2772 1492 2851 templo
1513 2774 1672 2834 ascendent
1698 2793 1781 2836 orare
1809 2774 1848 2834 ad

1383 2867 1487 2927 horam
1502 2866 1557 2928 diei
1571 2886 1681 2928 nonam
1697 2913 1703 2926 .
1718 2867 1793 2929 Item
1810 2868 1848 2928 de

1384 2960 1471 3020 clodo
1489 2981 1526 3022 ex
1540 2973 1624 3022 utero
1645 2962 1743 3023 matris
1761 2980 1846 3023 men·

1383 3056 1529 3115 dicantem
1547 3068 1577 3115 et
1591 3056 1627 3115 de
1644 3055 1760 3132 agenda
1775 3074 1845 3135 pae-

1382 3151 1510 3210 nitentia.

283 3503 419 3561 uirorum.

792 3627 830 3687 X.
856 3625 901 3686 De
926 3626 1135 3685 resurrectione
1161 3636 1289 3685 mortuo·
1343 3633 1395 3693 VI.
1420 3633 1568 3694 Docentes
1593 3633 1720 3711 apostoli
1742 3634 1771 3692 in
1796 3651 1845 3693 cu·

831 3738 896 3780 rum
917 3731 946 3779 ei
965 3719 1086 3779 humani
1098 3720 1213 3796 generis
1227 3736 1288 3778 me·
1382 3727 1506 3787 stodiem
1522 3727 1681 3787 traduntur,

830 3811 896 3871 dela
918 3820 1037 3888 propter
1061 3827 1151 3886 quam
1174 3810 1204 3869 iu
1225 3828 1287 3869 car·

830 3923 924 3964 cerem
941 3915 1007 3963 sunt
1021 3905 1124 3962 retrusi
1138 3904 1270 3980 apostoli.

238 4298 307 4360 VII.
339 4302 422 4361 Idem
451 4301 562 4362 reducti
591 4300 629 4361 ad
657 4302 736 4363 Con·

277 4396 383 4468 cilium,
420 4395 590 4457 fiducialiter
625 4397 737 4475 praedi·

279 4501 348 4550 cant
362 4491 392 4549 in
406 4491 527 4551 nomine
545 4487 615 4552 Iesu
629 4490 737 4551 Christi

278 4585 394 4644 unicam
425 4604 489 4644 esse
521 4586 635 4645 cunctis
658 4586 736 4644 uiam

277 4676 394 4740 salutis:
423 4697 458 4739 ac
480 4681 629 4757 principes
649 4681 736 4740 inter-

277 4771 405 4831 dicentes
429 4791 466 4832 ne
490 4775 520 4833 in
537 4773 595 4834 hoc
616 4776 735 4834 nomine

276 4864 409 4936 doceant,
438 4867 609 4944 Apostolica
636 4880 735 4928 aucto

276 4960 358 5018 ritate
373 4969 573 5022 contemnunt.

268 5111 349 5159 Notae
365 5108 401 5156 ad
414 5108 574 5161 emblac.
607 5110 653 5159 VI.
670 5109 735 5158 iude.
747 5107 838 5160 Bamb.
850 5115 874 5158 et
890 5109 949 5160 VII.
1000 5109 1095 5163 exhort.
1106 5110 1195 5160 Bomd.
1207 5112 1269 5160 Met.
1324 5110 1464 5168 epo-tou:
1479 5107 1561 5173 deficit
1576 5122 1639 5172 apos
1657 5107 1693 5156 M.
1750 5121 1839 5156 omae

236 5174 325 5225 Bamb.
335 5175 396 5223 Met.
519 5176 547 5224 it.
559 5175 649 5225 Bamb.

268 5239 327 5289 VII
345 5190 518 5290 induor-ripred¹
525 5257 532 5288 r
555 5241 706 5290 ÷conuerus
716 5247 740 5292 et
751 5241 813 5290 Met.
877 5239 1040 5291 elemosinam
1062 5241 1166 5298 θυιὰς
1184 5241 1344 5292 aelimosinas
1356 5241 1417 5292 Met.
1484 5238 1623 5289 iacientium
1634 5237 1724 5289 Bomb.

267 5304 339 5354 VIII.
356 5304 422 5355 clod.
437 5305 506 5369 (dod.
519 5305 581 5368 cod.)
592 5306 682 5357 Barth.
694 5312 719 5356 et
729 5306 815 5357 VIIII.
881 5313 1022 5371 contempte
1033 5307 1095 5357 Met.

268 5369 356 5418 VIIII.
373 5378 513 5422 uenerant
523 5387 536 5420 e
546 5372 609 5423 coni.
620 5389 627 5422 t
644 5378 745 5422 uenerat
756 5371 821 5421 codd.
887 5374 1104 5430 sonmo-boote
1115 5372 1195 5423 coni:
1212 5374 1263 5424 -ult
1274 5374 1345 5434 Met,
1358 5371 1514 5438 approbabat
1522 5368 1629 5428 Bomb.;
1645 5369 1774 5436 adprobati
1785 5367 1823 5418 M.

268 5435 302 5486 X.
320 5434 526 5489 medelasBomb.
533 5438 596 5488 Met.
657 5452 762 5496 qum:
778 5438 936 5503 quIBamb.;
953 5453 1018 5503 quae
1025 5439 1087 5490 Met.
1148 5436 1343 5492 carcereBamb.
1393 5437 1516 5489 suuttruri
1526 5437 1597 5493 Meta
1616 5443 1674 5492 >tn
1684 5433 1838 5486 suutBomb.

1026 5585 1046 5635 C
