4740 6600
724 732 792 792 DE
812 731 1030 796 CODICUM
1046 729 1339 795 NOSTRORUM
1360 731 1619 797 CLASSIBUS.
1861 736 1921 802 xiii

424 884 540 951 maiori
566 894 661 971 parte
686 886 840 961 familiae,
862 905 929 950 non
954 906 1030 951 cum
1058 888 1172 952 codice
1198 887 1382 966 dissidenti,
1405 888 1557 970 congruit
1567 885 1590 952 ¹.
1640 888 1697 952 Ex
1724 887 1788 956 hoc
1813 889 1922 955 forsan

423 990 532 1074 colligi
553 998 665 1074 potest
684 989 928 1072 Hieronymum
950 1010 1017 1055 non
1038 991 1118 1073 ipsis
1142 991 1170 1058 tl
1192 999 1226 1055 et
1241 991 1269 1055 B
1285 1011 1381 1055 usum
1397 1011 1478 1074 esse,
1492 992 1549 1056 sed
1566 991 1679 1077 potius
1694 992 1759 1057 alio
1774 993 1921 1077 quodam

423 1092 606 1178 exemplari
621 1092 711 1157 cuius
727 1092 883 1157 lectiones
900 1092 1049 1176 pluribus
1065 1094 1235 1159 codicibus
1251 1093 1396 1160 familiae
1411 1094 1557 1160 eiusdem
1573 1116 1766 1161 communes
1780 1107 1886 1163 erant.

489 1195 527 1261 Si
542 1208 654 1261 autem
672 1197 896 1280 Hieronymus
909 1195 1053 1263 Graecos
1065 1197 1255 1263 huiusmodi
1267 1199 1299 1262 in
1315 1207 1411 1263 textu
1427 1219 1488 1264 suo
1504 1200 1714 1265 emendando
1726 1201 1924 1282 adhibuerit,

422 1309 459 1364 ut
469 1302 566 1365 nobis
578 1309 704 1366 certum
714 1300 854 1380 uidetur,
864 1301 1012 1384 sequitur
1023 1321 1080 1364 eos
1092 1301 1260 1384 Uulgatae
1272 1303 1404 1367 codices
1416 1303 1472 1386 qui
1484 1303 1708 1385 antiquiorum
1721 1304 1924 1370 Graecorum

421 1405 531 1469 textui
546 1404 681 1489 propius
695 1405 854 1470 accedant
870 1405 1100 1487 praeferendos
1115 1425 1187 1471 esse
1202 1405 1242 1469 iis
1257 1406 1290 1470 in
1311 1406 1391 1472 locis
1412 1408 1469 1471 ubi
1487 1408 1619 1472 codices
1638 1408 1740 1473 nostri
1760 1409 1793 1473 in
1813 1419 1925 1495 partes

422 1516 508 1586 eant,
520 1518 554 1572 et
569 1508 624 1571 nbi
640 1518 760 1590 partes,
773 1508 864 1591 quod
880 1509 924 1572 ad
940 1529 1111 1573 numerum
1131 1518 1166 1574 et
1181 1508 1416 1592 antiquitatem
1432 1511 1568 1576 testium
1583 1510 1714 1590 attinet,
1723 1520 1794 1575 tarn
1810 1531 1924 1596 parem

421 1610 651 1675 auctoritatem
667 1609 811 1675 habeant
827 1620 863 1675 ut
878 1610 974 1676 aliter
988 1612 1252 1678 dubitauerimus
1266 1633 1353 1697 quae
1368 1633 1444 1698 pars
1461 1614 1614 1698 eligenda
1629 1613 1728 1680 fuerit
1737 1611 1760 1679 ².

1060 1878 1176 1954 CAP.
1216 1880 1291 1953 111.

614 2067 690 2142 DE
732 2066 992 2144 CODICUM
1033 2066 1385 2145 NOSTRORUM
1421 2068 1729 2146 CLASSIBUS.

486 2233 602 2300 SlcUT
617 2234 649 2298 in
666 2235 857 2318 Euangeliis
872 2236 919 2300 ita
935 2246 969 2302 et
985 2237 1017 2300 in
1034 2236 1176 2301 Actibus
1192 2235 1419 2301 confitendum
1435 2246 1485 2302 est
1500 2257 1562 2302 nos
1576 2247 1756 2303 stemmata
1771 2237 1924 2303 codicum

420 2329 621 2421 componere
635 2359 733 2404 ausos
749 2359 814 2403 non
831 2359 911 2404 esse.
957 2339 1078 2406 Confer
1094 2339 1119 2421 l,
1134 2361 1189 2423 pp.
1206 2339 1249 2402 vii
1265 2349 1300 2405 et
1314 2360 1348 2402 x.

485 2441 683 2507 Lectoribus
698 2453 810 2506 tamen
826 2443 906 2506 satis
922 2441 1060 2508 fidenter
1074 2444 1291 2527 proponimus
1310 2442 1342 2506 id
1358 2443 1449 2526 quod
1470 2463 1515 2507 ex
1531 2443 1631 2528 longo
1648 2441 1760 2508 studio
1776 2443 1809 2506 in
1825 2453 1922 2509 textu

420 2546 651 2628 componendo
672 2544 796 2627 habito,
811 2555 845 2610 et
867 2565 912 2611 ex
935 2547 1200 2612 consideratione
1218 2546 1335 2611 sedula
1353 2545 1533 2611 lectionum
1551 2546 1746 2612 selectarum
1764 2546 1830 2612 fere
1845 2560 1924 2624 CCL,

420 2648 463 2712 de
480 2649 609 2713 ratione
630 2650 798 2714 societatis
820 2650 873 2714 uel
897 2649 1130 2717 familiaritatis
1145 2669 1232 2734 quae
1254 2650 1341 2714 inter
1362 2650 1495 2714 codices
1516 2661 1648 2715 nostros
1670 2652 1809 2734 intersit,
1827 2651 1924 2716 nobis
1969 2700 1971 2705 2
2009 2693 2012 2700 .

419 2763 570 2816 constare
591 2752 749 2818 uideatur.
794 2752 835 2817 In
851 2774 918 2835 quo
941 2753 1119 2818 lectionum
1139 2752 1269 2818 delectu
1293 2760 1327 2816 et
1350 2754 1613 2817 consideratione
1636 2755 1787 2819 adiutore
1809 2774 1924 2818 sumus

419 2854 469 2918 usi
500 2865 610 2934 acuto,
636 2867 777 2933 strenuo
803 2867 838 2922 et
864 2858 1097 2923 iucundissimo
1125 2855 1271 2938 Georgio
1299 2856 1451 2920 Mallows
1482 2855 1686 2938 Youngman
1709 2855 1815 2932 Α.Μ.,
1838 2878 1923 2923 nunc

419 2960 612 3043 presbytero
636 2959 815 3026 Dioceseos
839 2957 1101 3036 Sarisburiensis,
1117 2960 1174 3045 qui
1198 2960 1230 3022 in
1252 2957 1337 3023 libro
1352 2958 1568 3024 Armachano
1591 2959 1810 3025 exscribendo
1833 2970 1866 3025 et
1889 2961 1923 3025 in

419 3063 570 3128 codicum
586 3063 789 3127 diuersorum
805 3062 982 3128 collatione
996 3064 1092 3128 nobis
1108 3064 1208 3128 etiam
1228 3062 1261 3126 in
1276 3062 1387 3146 primo
1402 3072 1497 3128 tomo
1507 3072 1647 3146 ,praesto
1661 3061 1733 3126 fuit.
1768 3101 1772 3107 -
1841 3105 1842 3108 κ

486 3164 624 3230 Codices
651 3166 750 3249 igitur
776 3177 907 3231 nostros
933 3167 1172 3249 septemdecim
1197 3166 1231 3230 in
1257 3174 1400 3249 quatuor
1429 3163 1550 3229 classes
1577 3164 1765 3229 diuidimus.
1812 3164 1923 3232 Prima

418 3267 567 3334 continet
583 3270 730 3353 quinque
748 3269 887 3352 (GCAF
890 3271 935 3355 D)
953 3293 1037 3356 quos
1053 3271 1226 3354 primarios
1247 3270 1467 3350 nominamus,
1482 3267 1538 3352 qui
1553 3279 1597 3332 ex
1616 3269 1716 3333 uariis
1734 3268 1923 3351 regionibus

359 3371 361 3375 ’
418 3372 482 3437 orti
492 3372 582 3436 nullo
593 3375 694 3437 modo
703 3375 746 3438 ab
756 3376 896 3438 inuicem
909 3376 1053 3457 pendere
1063 3375 1247 3440 uideantur.
1271 3372 1425 3438 Secunda
1435 3372 1579 3437 continet
1588 3369 1923 3457 sex(1M,SU,T,O)

418 3476 474 3557 qui
501 3476 663 3559 primariis
690 3477 836 3558 obnoxii,
859 3487 892 3542 et
919 3478 1111 3560 praesertim
1142 3478 1313 3543 codicibus
1334 3475 1510 3540 Amiatino
1530 3472 1593 3562 (Α)
1616 3485 1650 3540 et
1677 3474 1835 3539 Fuldensi
1857 3472 1923 3562 (F),

417 3598 493 3643 cum
519 3579 582 3644 illis
606 3581 753 3646 diuersas
780 3579 921 3646 familias
947 3583 1164 3647 constituunt.
1220 3579 1335 3645 Tertia
1360 3579 1474 3644 classis
1496 3599 1582 3664 quae
1603 3579 1749 3662 quinque
1774 3579 1923 3645 continet

418 3679 473 3767 (Θ,
490 3681 648 3770 KBVR),
670 3693 721 3750 est
743 3685 968 3750 recensionum
992 3683 1255 3751 Theodulfianae
1278 3693 1312 3750 et
1335 3682 1565 3763 Alcuinianae,
1579 3701 1720 3765 quarum
1745 3681 1850 3746 altera
1875 3683 1922 3747 lta

417 3796 506 3850 arcte
528 3807 602 3851 cum
626 3789 740 3853 codice
762 3788 916 3854 Fuldensi
932 3786 987 3874 (F)
1002 3791 1178 3855 concordat
1200 3795 1238 3852 ut
1254 3787 1433 3853 Alcuinum
1456 3788 1571 3851 credas
1593 3806 1634 3850 eo
1657 3786 1729 3867 ipso
1752 3785 1865 3849 codice
1888 3786 1921 3850 in

417 3898 515 3954 textu
538 3892 769 3956 constituendo
795 3913 890 3957 usum
914 3912 994 3957 esse.
1053 3892 1092 3956 ln
1115 3900 1234 3974 quarta
1261 3910 1362 3955 unum
1386 3897 1517 3954 tantum
1539 3887 1751 3968 collocamus,
1773 3885 1922 3952 Sarisbu-

417 3991 558 4056 riensem
574 3989 654 4078 (W),
669 3993 725 4077 qui
740 4003 855 4059 textus
870 3994 981 4059 medio
995 4014 1079 4059 aeuo
1095 3992 1221 4077 uulgati
1236 3991 1330 4058 testis
1345 4000 1403 4057 est.

788 4241 816 4289 1.
861 4236 1017 4293 comeus
1041 4236 1183 4293 amnon
1206 4235 1351 4289 cnosso
1374 4221 1548 4288 GCAFD.

482 4380 622 4446 Codices
655 4370 811 4463 primarii
834 4389 911 4444 sunt
940 4379 1084 4464 quinque
1115 4376 1288 4454 GCAFD,
1317 4398 1401 4461 quos
1430 4398 1472 4444 eo
1508 4377 1623 4441 ordine
1652 4376 1852 4441 collocamus
1882 4384 1919 4440 ut

412 4486 629 4550 ostendamus
655 4483 937 4569 propinquitatem
963 4483 1169 4566 singulorum
1194 4481 1302 4546 textui
1325 4501 1424 4564 quem
1450 4480 1615 4548 credimus
1644 4479 1918 4563 Hieronymiano.

417 4587 474 4651 Ex
499 4587 578 4652 loeis
596 4588 685 4651 enim
708 4598 976 4669 ch11,quorum
998 4585 1158 4651 lectiones
1180 4585 1284 4648 nostri
1308 4583 1415 4668 gratia
1438 4583 1578 4667 digessit
1595 4583 1636 4649 G.
1652 4583 1700 4647 M.
1717 4583 1920 4667 Youngman

415 4690 608 4770 antedictus,
624 4689 944 4757 San-Germanensis
962 4685 1021 4775 (G)
1044 4707 1121 4754 cum
1136 4688 1232 4752 nobis
1247 4688 1334 4751 uices
1349 4699 1466 4751 CLxlx
1481 4686 1669 4762 concordat,
1686 4684 1843 4751 Cauensis
1860 4684 1917 4772 (C)

417 4791 496 4856 locis
511 4806 566 4871 CL,
580 4792 615 4856 A
631 4803 665 4859 et
681 4792 710 4858 F
725 4793 792 4858 fere
807 4807 882 4858 CXL
897 4792 969 4876 (sed
981 4792 1016 4856 A
1028 4792 1061 4856 in
1077 4790 1157 4856 locis
1171 4789 1272 4873 paulo
1288 4789 1492 4874 grauioribus
1506 4809 1607 4873 quam
1624 4787 1675 4872 F),
1685 4786 1918 4853 Armachanus

465 4975 475 5006 ²
494 4978 601 5028 Centum
604 4979 663 5042 sere
673 4980 733 5030 locos
743 4978 883 5042 collegimus
893 4976 939 5027 ubi
949 4978 970 5027 ll
981 4983 1006 5027 et
1016 4977 1037 5026 B
1046 4976 1115 5026 inter
1123 4990 1148 5025 re
1157 4974 1279 5025 disolfont
1285 4991 1297 5036 ;
1314 4975 1343 5024 r‘n
1350 4974 1392 5024 his
1399 4973 1572 5038 Hieronymus
1627 4990 1657 5024 ne
1667 4988 1743 5039 oeque
1753 4979 1839 5023 contro
1850 4972 1919 5022 hunc

415 5049 440 5092 ct
450 5041 604 5107 illumsocit,
615 5044 658 5093 sed
666 5045 796 5094 rarissimo
806 5058 863 5093 cum
875 5044 897 5093 fl
908 5043 957 5093 solo
967 5043 1012 5092 uel
1022 5043 1040 5090 B
1051 5043 1100 5092 solo
1110 5042 1233 5106 congruat.
1269 5040 1362 5105 Confer
1370 5047 1455 5090 tomen
1466 5040 1518 5089 xiil.
1530 5039 1546 5089 6
1592 5041 1604 5088 i
1617 5040 1722 5104 legimus
1738 5043 1850 5088 bariesu
1860 5055 1917 5089 cum

415 5107 480 5158 codd.
495 5109 588 5157 nostris
597 5109 669 5174 plur.
683 5116 709 5159 et
719 5108 838 5171 βαριησοῦ
854 5109 876 5158 l<
892 5109 973 5162 min.;
990 5107 1048 5158 xxii.
1066 5121 1096 5171 19
1112 5110 1245 5156 tribunus
1260 5106 1447 5165 quoque-sol
1463 5107 1477 5154 d
1495 5103 1625 5169 χιλίαρχος
1641 5103 1677 5155 rt*
1694 5104 1756 5154 min.
1765 5121 1774 5165 ;
1791 5103 1867 5153 xxvii.
1887 5105 1916 5152 18

415 5176 466 5231 qul
481 5172 546 5223 codd
556 5174 630 5237 plur.
647 5189 704 5223 cum
719 5173 771 5234 u*;
789 5187 817 5238 31
835 5177 867 5224 ln
881 5177 950 5224 naal
964 5177 1119 5223 mouerint
1132 5194 1152 5213 ε
1165 5171 1203 5220 R*
1214 5171 1291 5231 min.;
1311 5171 1396 5221 xxviii.
1416 5185 1428 5220 1
1446 5187 1493 5222 om.
1510 5178 1611 5236 propter
1626 5177 1685 5220 outo
1701 5173 1790 5228 ffloeus
1807 5184 1862 5218 cum
1880 5167 1917 5219 fl*

415 5239 495 5298 πίω
515 5239 544 5288 18
556 5253 601 5289 mo
615 5254 659 5317 ref.
671 5255 727 5289 cum
739 5237 776 5289 n*
790 5250 843 5304 177.
878 5240 970 5316 Etiam
982 5240 1014 5290 ix.
1029 5252 1056 5287 11
1071 5252 1154 5296 surge
1165 5240 1238 5287 uado
1250 5236 1353 5286 ardetur
1363 5237 1433 5287 nobis
1446 5237 1561 5287 correctio
1571 5236 1777 5300 Hr'eronymo'ona
1789 5258 1810 5276 =
1821 5251 1917 5282 moro

339 5419 344 5428 ,
414 5303 699 5436 ¹⁰9&sspr
705 5304 1354 5435 Sffdffldffiffoaenffffiwdfffen
1361 5302 1494 5430 gnosso·
1504 5367 1642 5425 creadda
1659 5367 1692 5417 lx.
1703 5367 1734 5416 18
1745 5367 1916 5442 hierumlom

414 5434 968 5497 n‘neodd31irootsec.;xlmstilll
984 5435 1040 5485 rino
1055 5434 1126 5494 πῶς
1144 5436 1287 5498 ptyrnnnl
1302 5433 1358 5482 sino
1374 5432 1447 5491 adda
1464 5449 1506 5483 xx.
1526 5447 1554 5482 11
1573 5435 1706 5491 dunatus
1722 5445 1790 5495 ⁰803
1807 5431 1866 5482 xxti.
1885 5443 1914 5480 11

415 5501 611 5550 babitantibus
621 5501 677 5550 rino
686 5501 743 5554 add
753 5517 761 5564 ;
778 5515 834 5553 xxv.
848 5515 877 5550 11
889 5516 947 5560 m.
958 5506 1052 5551 ouum
1064 5502 1101 5549 sd
1111 5501 1217 5549 festum
1227 5498 1282 5549 sino
1292 5498 1350 5548 add.
1359 5514 1367 5560 ;
1384 5497 1459 5549 xxvii.
1472 5512 1485 5547 1
1498 5501 1690 5557 incipientem.
