4808 6594
1227 697 1454 760 CAPITULA
1482 697 1541 757 IN

1132 864 1317 918 BFUKRSUct
1339 865 1405 915 codd.
1429 866 1488 915 Uat.
1507 877 1581 927 4221,
1604 865 1632 913 S.

1164 930 1252 989 Pauli,
1286 931 1313 979 s.
1346 931 1425 991 Petra,
1461 931 1532 979 Orat.
1565 930 1635 994 apuu

1168 995 1345 1055 Thomastum
1370 996 1419 1045 cod.
1442 995 1512 1046 Corb.
1534 995 1636 1058 capud

1164 1061 1284 1110 Sabaticr.

624 1185 721 1245 theum
750 1201 848 1244 secum
876 1182 969 1243 uoluit
994 1183 1081 1263 profi·
1349 1205 1351 1208 ⁴
1723 1183 1836 1242 minato
1857 1199 1957 1241 marco
1977 1193 2006 1242 et
2026 1181 2074 1241 ubi
2096 1182 2191 1242 timo-

624 1279 694 1338 cisci
707 1276 885 1337 circumcidit
899 1295 975 1336 eum.
1723 1276 1807 1336 theus
1821 1294 1839 1335 a
1853 1275 1942 1353 paulo
1955 1275 2181 1337 circumciditur.

582 1939 695 2000 XLIII.
742 1940 943 2000 Transeuntes
984 1949 1080 1998 autem
1132 1937 1259 1998 XLIIII.
1287 1936 1347 1996 Ubi
1373 1937 1476 2016 paulus
1499 1937 1631 1996 uisitetur
1681 1942 1827 2000 XXXVI.
1844 1942 2016 2002 Proibentur
2030 1943 2067 2001 ab
2082 1943 2188 2019 spiritu

622 2032 742 2110 hygiam
771 2043 800 2092 et
827 2032 962 2111 galatiam
992 2031 1080 2090 uetati
1173 2043 1201 2091 et
1222 2031 1300 2091 uidet
1320 2032 1416 2090 uirum
1437 2031 1629 2091 macedonem
1722 2037 1825 2115 paulus
1848 2047 1876 2096 et
1901 2037 2040 2114 quicum
2065 2055 2102 2096 eo
2121 2037 2187 2097 asie

623 2126 742 2185 suntab
762 2127 861 2204 spiritu
880 2137 981 2185 sancto
1000 2125 1080 2203 loqui
1173 2133 1296 2184 stantem
1310 2124 1514 2202 deprecantem
1529 2142 1604 2184 eum.
1722 2128 1769 2190 uel
1791 2131 1889 2190 bitinie
1911 2130 2058 2207 predicare
2082 2140 2111 2189 et
2135 2149 2185 2189 so-

623 2221 745 2278 uerbum
758 2220 788 2279 in
802 2220 863 2279 asia
876 2228 905 2278 et
919 2219 1080 2278 temtabant
1722 2225 1836 2283 mnium
1859 2224 1937 2302 pauli
1966 2223 2003 2283 de
2027 2224 2092 2284 uiro
2119 2241 2186 2284 ma·

607 2314 664 2373 vire
685 2313 846 2389 bythiniam
871 2331 931 2372 non
952 2313 1080 2390 permisit
1721 2319 1842 2378 cedone.

621 2427 672 2468 eos
686 2408 802 2485 spiritus
817 2409 885 2466 iesu.

582 2499 709 2561 XLIIII.
731 2501 790 2561 Ubi
810 2501 954 2578 quaedam
977 2501 1079 2560 mulier
1129 2498 1223 2559 XLV.
1245 2500 1291 2559 De
1306 2499 1393 2577 lydda
1406 2503 1581 2579 purpuraria
1682 2498 1841 2558 XXXVII.
1862 2499 1908 2559 De
1922 2500 1990 2559 lidia
2009 2501 2185 2578 purpuraria

621 2595 739 2652 nomine
763 2593 839 2671 lydia
860 2595 1028 2654 intendebat
1047 2596 1078 2653 in
1723 2592 1894 2672 (purpura*)
1903 2595 1932 2652 ln
1941 2596 2056 2653 ciuitate
2064 2594 2184 2654 ¹colonie

622 2688 667 2747 his
681 2707 754 2765 quae
768 2688 936 2749 dicebantur
950 2707 968 2746 a
981 2689 1078 2766 paulo.
1501 2728 1503 2731 -
1722 2708 1779 2766 que
1793 2699 1837 2748 est
1849 2688 1879 2746 in
1893 2688 2073 2748 macedonia

582 2780 675 2840 XLV.
710 2779 769 2840 Ubi
804 2781 908 2859 paulus
947 2782 1078 2858 spiritum
1130 2772 1240 2833 XLVI.
1262 2773 1309 2834 De
1323 2775 1419 2853 puella
1432 2776 1558 2836 habente
1575 2776 1630 2854 spi·
1681 2779 1855 2841 XXXVIII.
1888 2780 1995 2841 Paulus
2019 2781 2048 2839 in
2076 2780 2183 2841 eadem

622 2875 748 2952 pithonis
769 2893 787 2933 a
807 2875 902 2952 puella
921 2875 1031 2953 expulit
1051 2884 1079 2934 et
1171 2869 1256 2928 ritum
1270 2869 1437 2947 pythonem.
1722 2877 1793 2934 urbe
1802 2877 1931 2952 pitouem
1941 2877 2008 2935 eicit
2017 2875 2053 2934 de
2061 2875 2184 2935 muliere

622 2969 693 3028 dum
706 2968 786 3028 missi
800 2968 920 3028 luissent
934 2968 1037 3045 paulus
1050 2979 1079 3027 et
1722 2969 1825 3028 ancilla
1849 2981 1878 3029 et
1901 2970 1985 3048 plebs
2005 2971 2125 3047 paulum
2149 2981 2182 3029 et

622 3061 691 3122 silas
705 3062 736 3121 in
750 3080 894 3122 carcerem
907 3073 1006 3123 custos
1017 3081 1079 3122 car·
1323 3055 1334 3076 ⁸
1722 3064 1822 3123 sileam
1836 3065 1865 3122 in
1880 3065 1943 3124 soro
1958 3063 2062 3124 ductos
2073 3064 2184 3124 cedunt

622 3156 694 3215 ceris
715 3155 834 3216 credidit
861 3168 889 3215 et
917 3157 1078 3234 baptizatus
1722 3170 1751 3218 et
1764 3159 1795 3217 in
1809 3177 1901 3219 neruo
1915 3159 2039 3218 mittunt.

623 3259 675 3310 est.
1681 3252 1874 3312 XXXVIIII.
1903 3253 2000 3312 Nocte
2024 3262 2183 3312 terremotu

1722 3347 1800 3407 lacto
1834 3348 1985 3406 soluuntur
2018 3356 2048 3406 et
2081 3356 2183 3406 custos

1721 3438 1825 3520 (-tus⁸)
1840 3458 1989 3500 carcerum
2002 3441 2040 3499 ab
2055 3440 2096 3500 eis
2110 3441 2182 3499 hab

1721 3535 1830 3593 tizatur.

1680 3626 1744 3686 XL.
1776 3626 1964 3704 Magistratus
1986 3628 2085 3685 iubent
2105 3627 2180 3685 mitti

1720 3721 1870 3798 apostolos
1890 3732 1919 3779 et
1941 3722 2045 3798 paulus
2062 3730 2181 3780 contra-

1720 3816 1789 3875 dicit
1802 3825 1831 3874 et
1845 3826 1942 3874 tamen
1955 3816 2109 3892 egreditur.

580 3909 690 3970 XLVI.
726 3909 784 3972 Ubi
812 3911 916 3988 paulus
950 3924 978 3972 et
1008 3912 1076 3972 silas
1128 3911 1253 3971 XLVII.
1288 3912 1347 3971 Ubi
1375 3911 1469 3972 iudaei
1502 3911 1628 3970 zelantes
1680 3909 1760 3968 XLI.
1796 3909 1904 3969 Paulus
1938 3911 1968 3967 in
2007 3908 2181 3968 tessalonica

621 4015 761 4064 uenerunt
791 4006 995 4066 tessalonicam
1027 4006 1078 4065 ad·
1169 4007 1288 4084 paulum
1317 4005 1537 4064 concitauerunt
1563 3992 1627 4063 tur·
1720 4004 1846 4080 predicat
1873 4005 1903 4061 in
1931 4003 2072 4080 sinagoga
2101 4001 2179 4061 iudei

621 4099 753 4174 aperiens
769 4099 805 4159 de
826 4102 975 4177 scripturis
992 4111 1020 4159 et
1034 4101 1078 4159 in·
1169 4100 1237 4159 bam
1252 4100 1290 4158 ad
1304 4099 1427 4158 domum
1442 4099 1558 4157 iasonis.
1720 4099 1852 4157 iasonem
1887 4095 1999 4178 (iass.*)
2029 4106 2179 4174 pertraant

623 4192 741 4251 sinuans
754 4195 821 4269 quia
839 4195 976 4255 christum
991 4213 1077 4271 opor·
1718 4191 1873 4252 latentibus
1888 4192 2035 4268 apostolis.

621 4285 674 4344 tuit
695 4287 755 4363 pati
779 4297 807 4344 et
831 4287 957 4347 zelantes
982 4288 1078 4348 iudaei

621 4389 774 4439 tenuerunt
788 4380 929 4441 iasonem.

581 4764 706 4825 XLVII.
737 4765 796 4827 Ubi
824 4768 927 4846 paulus
957 4770 1078 4828 ueniens
1129 4766 1271 4828 XLVIII.
1291 4767 1398 4827 Paulus
1411 4768 1627 4828 atheniensibus
1678 4764 1774 4825 XLII.
1791 4764 1898 4825 Paulus
1912 4765 2023 4826 athenis
2036 4782 2103 4824 cum
2115 4762 2180 4823 filo-

622 4860 734 4920 athenis
752 4873 780 4920 et
800 4863 925 4939 epicurei
946 4873 974 4921 et
996 4863 1077 4921 stoici
1169 4863 1238 4922 dicit
1252 4862 1288 4921 de
1303 4864 1404 4938 ignoto
1417 4862 1483 4921 deo.
1720 4860 1790 4919 solis
1811 4859 1937 4936 disputat
1958 4861 1988 4917 in
2009 4858 2072 4919 foro
2092 4855 2180 4936 (loco

613 5015 812 5065 Notaeadcodd.
825 5017 972 5066 nannet..
1006 5017 1493 5082 xL1111.umusthodd.ap.Ttom.;
1517 5017 1724 5068 ÷us0mn10n
1787 5014 1964 5064 macrensem
1976 5014 2054 5073 sax,
2067 5010 2180 5073 uumS.

580 5081 701 5130 machedo
712 5082 802 5131 donem
815 5083 845 5130 R.
943 5089 1082 5133 stantem:
1101 5099 1146 5133 om.
1160 5101 1189 5143 c;
1212 5100 1231 5134 ÷
1249 5086 1308 5134 etR
1324 5085 1381 5135 (sat.
1393 5097 1466 5146 4221,
1481 5084 1551 5133 Orat.
1661 5086 1858 5140 deprecantem
1868 5080 1916 5130 RU
1932 5081 1990 5129 (lat.
2002 5092 2074 5142 4221,
2089 5079 2180 5139 Orat.;

580 5145 713 5209 deprecans
725 5148 767 5195 BF
780 5148 899 5212 (deprae.)
911 5148 979 5197 (iKS
990 5164 1002 5196 c
1012 5148 1076 5197 codd.
1089 5151 1115 5198 S.
1128 5150 1216 5210 Pauli,
1228 5151 1254 5199 S.
1269 5150 1349 5210 Petri,
1361 5151 1418 5198 Sab.
1485 5164 1566 5199 eum:
1584 5164 1610 5199 se
1622 5149 1655 5200 U.

613 5211 691 5259 XLV.
708 5211 811 5261 hddaR
833 5228 852 5272 c,
865 5213 923 5276 lydu
934 5213 1039 5264 omae.
1115 5230 1149 5281 pu
1179 5216 1259 5265 oraria
1269 5215 1325 5264 Sal.

612 5275 705 5325 XLVI.
720 5278 833 5391 puellam
845 5279 895 5328 BF.
978 5279 1109 5330 habentem
1126 5281 1147 5328 B
1170 5281 1220 5329 KR
1232 5277 1368 5344 (abentem)
1380 5279 1405 5329 S.
1488 5284 1644 5338 pythonem
1655 5278 1689 5342 K,
1702 5279 1856 5343 phythonem
1871 5271 2180 5340 rtom.‚pyronem1⁴“o*,

579 5347 708 5404 pyttonem
740 5380 746 5402 ,
760 5344 896 5407 phytonem
907 5343 993 5399 Bou.
1005 5345 1132 5409 phitonem
1144 5362 1156 5393 c
1166 5345 1238 5394 Sah:
1257 5345 1383 5410 phithonis
1394 5345 1425 5394 R.

613 5405 720 5455 XLVII.
740 5409 805 5458 iudei
818 5409 872 5458 Rc.
937 5410 1021 5459 turbas
1032 5410 1058 5462 S.
1123 5411 1228 5460 lassonis
1239 5409 1264 5459 S.

614 5471 735 5522 XLVIII.
758 5488 776 5522 ÷
795 5473 950 5524 ubiadim't.
963 5475 1040 5525 BRU.
