4740 6600
752 724 821 786 DE
842 722 1096 788 CODICIBUS
1115 723 1176 786 IN
1191 725 1344 788 ACTUS
1364 726 1507 788 COLLA
1517 728 1605 790 TIS.
1884 733 1921 797 ix

420 891 553 977 lateque
574 893 728 959 diffusam
751 915 833 960 esse.
880 895 1004 963 Deficit
1027 896 1136 962 codex
1159 896 1224 960 viii.
1247 915 1344 963 ao-x.
1364 915 1405 976 43
1427 919 1488 963 xx.
1505 899 1644 984 31—xxi.
1661 918 1702 980 2;
1726 901 1798 966 xxi.
1815 918 1921 986 7-1o;

421 996 504 1062 xxii.
522 1015 625 1074 2-103
649 999 731 1062 xxii.
749 1017 790 1063 20
805 997 853 1063 ad
857 997 920 1083 fin.

485 1100 568 1164 dem.
591 1099 709 1166 Codex
724 1101 991 1182 Demidouianus,
1006 1123 1089 1168 saec.
1107 1114 1144 1169 ut
1163 1103 1294 1169 uidetur
1309 1104 1401 1170 XIII
1417 1105 1566 1191 scriptus,
1583 1109 1640 1172 sed
1656 1105 1756 1172 hodie
1774 1110 1922 1192 perditus

420 1215 491 1283 est;
521 1204 626 1269 edidit
652 1204 689 1268 C.
715 1206 750 1269 F.
775 1205 947 1286 Matthaei,
969 1207 1102 1272 Nouum
1129 1208 1382 1288 Testamentum,
1405 1218 1475 1291 etc,
1497 1220 1578 1274 tom.
1601 1211 1663 1290 IX,
1687 1210 1802 1294 Rigae,
1828 1213 1921 1294 1782.

420 1307 560 1386 Textus,
582 1317 619 1372 ut
642 1329 686 1372 ex
708 1309 830 1374 notulis
855 1310 975 1376 nostris
997 1312 1181 1395 apparebit,
1203 1313 1330 1378 mixtus
1352 1323 1411 1393 est,
1433 1314 1548 1378 maiori
1571 1336 1616 1378 ex
1638 1324 1731 1397 parte
1755 1316 1921 1400 Hierony·

421 1409 549 1475 mianus
576 1412 634 1476 sed
666 1432 733 1475 non
757 1413 827 1476 sine
851 1414 1055 1479 uariantibus
1081 1414 1287 1493 lectionibus,
1311 1417 1548 1481 additamentis
1572 1427 1635 1483 etc.
1659 1439 1744 1500 quae
1767 1422 1921 1486 omnibus

419 1514 587 1578 ueteribus
604 1513 734 1579 Latinis
754 1517 943 1580 communia
962 1526 1061 1595 sunt3
1084 1517 1170 1583 inter
1184 1527 1312 1584 ueteres
1332 1527 1445 1583 tamen
1466 1521 1717 1585 demidouianus
1737 1523 1923 1591 colbertino

420 1615 465 1703 (c)
479 1618 649 1701 proximus
666 1620 803 1698 accedit,
820 1629 856 1683 ut
871 1629 966 1684 notat
982 1621 1107 1704 Berger
1121 1618 1228 1707 (Hist.
1243 1623 1283 1686 de
1296 1623 1331 1687 la
1355 1620 1459 1705 Vulg,
1474 1644 1507 1706 p.
1523 1623 1587 1706 75).

484 1742 510 1785 e.
536 1720 655 1786 Codex
672 1723 822 1787 Actuum
846 1724 965 1805 Apost.
986 1723 1184 1789 Laudtbnus
1206 1726 1405 1791 Oxoniensis
1427 1725 1514 1792 Bibl.
1536 1726 1631 1792 Bodl.
1654 1727 1760 1793 Laud.
1782 1725 1837 1792 Gr.
1858 1741 1922 1811 35;

420 1821 705 1888 Latino-Graecus
721 1845 805 1889 saec.
815 1825 864 1889 VI
877 1847 930 1889 ex.
944 1827 1096 1911 scriptus.
1131 1828 1208 1894 Fuit
1223 1838 1260 1894 ut
1276 1829 1407 1893 uidetur
1419 1830 1504 1893 inter
1515 1828 1617 1895 libros
1629 1848 1713 1911 quos
1724 1831 1922 1895 Theodorus

419 1927 591 1991 Tarsensis
616 1926 900 2011 Archiepiscopus
928 1927 1083 1994 Cantuar.
1106 1951 1218 1996 secum
1245 1931 1407 2014 Angliam
1434 1933 1624 2015 apportauit
1650 1948 1684 1997 Α.
1695 1947 1730 1996 1).
1750 1933 1824 1999 668.
1870 1934 1922 1998 Ibi

418 2051 522 2114 usque
545 2031 588 2095 ad
612 2031 886 2097 Northumbriam
911 2035 1061 2116 peruenit
1083 2034 1140 2099 ubi
1163 2034 1360 2100 uenerabilis
1383 2034 1476 2100 Beda
1498 2055 1575 2101 eum
1603 2037 1687 2103 uidit
1710 2048 1744 2101 et
1771 2037 1805 2100 in
1832 2057 1923 2102 com·

420 2134 590 2200 mentariis
612 2135 679 2200 suis
700 2131 722 2220 (‘
734 2124 974 2219 Expositione'
992 2157 1035 2201 sc.
1054 2148 1088 2202 et
1106 2135 1390 2203 ‘Retractatione’
1410 2139 1444 2202 in
1465 2136 1589 2226 Actus)
1609 2159 1709 2223 saepe
1729 2140 1865 2220 citauit;
1889 2149 1923 2206 et

420 2236 531 2302 forsan
557 2238 664 2302 scriba
690 2239 815 2304 codicis
840 2238 1004 2304 Amiatini
1032 2248 1165 2304 textum
1192 2262 1288 2305 suum
1319 2243 1362 2305 ad
1392 2242 1462 2307 eius
1491 2242 1723 2307 auctoritatem
1754 2243 1922 2308 interdum

419 2342 574 2406 correxit.
631 2342 752 2406 Postea
789 2341 977 2407 Bonifacius
1011 2343 1064 2408 uel
1093 2343 1230 2427 quidam
1265 2365 1309 2408 ex
1344 2345 1513 2428 discipulis
1543 2346 1612 2409 eius
1643 2346 1676 2408 in
1708 2343 1921 2410 Germaniam

418 2445 611 2530 exportauit
641 2445 697 2508 ubi
728 2444 969 2528 aliquantulum
1000 2457 1147 2511 moratus
1180 2454 1231 2512 est
1261 2447 1370 2511 codex
1401 2456 1438 2512 ut
1468 2456 1634 2512 testantur
1663 2456 1765 2512 notae
1793 2459 1855 2512 etc.
1887 2449 1921 2512 in

418 2547 544 2613 ultimis
573 2549 704 2632 paginis
734 2569 833 2612 manu
858 2546 1046 2613 Teutonica
1075 2550 1224 2631 scriptae.
1269 2549 1400 2613 Textus
1427 2550 1566 2614 Latinus
1593 2550 1675 2615 satis
1702 2549 1786 2615 bene
1812 2552 1921 2615 textui

420 2648 548 2715 Graeco
559 2652 753 2735 respondet:
777 2651 959 2717 auersione
971 2672 1050 2717 uero
1061 2652 1232 2732 Africana,
1242 2665 1404 2736 quantum
1415 2653 1459 2717 ad
1472 2653 1690 2717 Latinitatem
1701 2662 1839 2736 spectat,
1850 2665 1921 2720 tam
2003 2703 2005 2708 .

419 2754 517 2840 longe
531 2755 634 2819 distat
649 2763 696 2834 ut,
711 2754 806 2819 nobis
822 2754 993 2835 iudicibus,
1009 2756 1114 2820 uersio
1130 2756 1260 2822 diuersa
1276 2755 1388 2820 haberi
1404 2757 1529 2839 possit3
1553 2767 1713 2837 quantum
1729 2756 1772 2820 ad
1788 2766 1921 2821 textum

419 2877 585 2942 graecum,
601 2858 688 2922 inter
702 2856 926 2923 occidentales
940 2868 974 2924 et
990 2859 1184 2924 recentiores
1200 2858 1375 2923 orientales
1394 2857 1504 2923 locum
1523 2859 1623 2924 habet
1644 2860 1702 2924 sed
1723 2861 1857 2944 propior
1871 2870 1922 2924 est

418 2959 641 3041 orientalibus,
656 2961 733 3026 uide
749 2960 853 3041 Biass,
867 2961 943 3025 Act.
958 2960 1081 3044 Apost.,
1097 2959 1287 3044 Gottingae,
1305 2959 1399 3044 1895,
1416 2981 1448 3044 p.
1466 2961 1518 3025 28.
1561 2961 1693 3027 Textus
1716 2984 1854 3047 graecus
1877 2984 1921 3027 ex

418 3062 541 3128 Latino
568 3065 733 3130 interdum
760 3075 926 3131 correctus
953 3065 1093 3145 uidetur,
1117 3074 1155 3129 ut
1181 3066 1223 3130 vi.
1249 3082 1298 3143 10,
1321 3066 1389 3131 xiv.
1414 3077 1443 3146 7,
1466 3064 1560 3130 xxiii.
1583 3083 1613 3150 3,
1636 3065 1711 3129 uide
1738 3065 1834 3129 Blass
1860 3067 1922 3131 l.c.

419 3166 536 3233 Edidit
550 3167 820 3234 Tischendorfius
835 3163 943 3253 (Mon.
960 3190 1043 3234 sacr.
1057 3169 1139 3234 ined.
1155 3179 1236 3234 tom.
1249 3168 1311 3248 IX,
1329 3168 1420 3251 Lips.
1440 3164 1546 3253 1870),
1562 3169 1622 3232 sed
1637 3168 1777 3233 schedas
1793 3180 1922 3234 nostras

418 3290 493 3335 cum
511 3271 584 3354 ipso
600 3272 714 3340 codice
729 3273 869 3339 contulit
886 3273 929 3337 H.
945 3273 975 3355 J.
992 3272 1045 3339 W.
1059 3293 1067 3351 ;
1090 3271 1202 3337 delicit
1217 3272 1327 3336 codex
1341 3271 1434 3334 xxvi.
1453 3271 1634 3352 29-xxviii.
1651 3272 1703 3336 26.
1937 3320 1938 3323 η

476 3396 526 3460 g,
550 3375 787 3462 Fragmentum
803 3375 1055 3452 Medrblanense,
1066 3397 1152 3442 saec.
1165 3375 1296 3453 X-XI;
1320 3375 1427 3440 edidit
1441 3373 1486 3439 A.
1499 3375 1546 3440 M.
1562 3374 1692 3440 Ceriani
1709 3375 1814 3458 (Mon.
1826 3396 1922 3439 sacra

417 3490 451 3546 et
456 3481 546 3564 prof.
564 3479 589 3559 I,
606 3480 638 3561 ii,
653 3503 686 3566 p.
702 3495 773 3562 127,
790 3481 926 3547 Mediol.
942 3482 1049 3566 1865).
1095 3481 1325 3546 Lectionarius
1339 3489 1389 3544 est
1404 3490 1438 3543 et
1453 3478 1555 3544 habet
1570 3478 1705 3544 titulum
1721 3479 1781 3543 ‘In
1798 3478 1920 3543 Christi
2003 3540 2004 3545 ,

416 3584 551 3649 nomine
574 3585 705 3670 incipit:
738 3586 836 3650 lectio
859 3595 992 3651 actuum
1021 3585 1248 3669 apostolorum
1271 3584 1304 3647 iu
1330 3581 1441 3647 natale
1462 3582 1569 3647 sancti
1591 3581 1743 3661 stefani'3
1774 3584 1921 3648 continet

417 3687 497 3754 Act.
511 3688 553 3754 vi.
569 3687 665 3755 8—vii.
683 3705 702 3754 2
718 3701 752 3754 et
766 3691 821 3754 vii.
836 3689 969 3774 51-viii.
984 3709 1016 3768 4.
1061 3689 1191 3754 Textus
1206 3707 1281 3754 cum
1297 3687 1412 3752 codice
1421 3687 1492 3771 gig.
1509 3686 1656 3751 maxime
1670 3687 1829 3768 congruit.

476 3793 547 3877 gig.
557 3792 675 3858 Codex
685 3793 868 3859 Bibliorum
882 3792 985 3878 Gigas
999 3793 1213 3872 Holmiensis,
1223 3812 1309 3857 saec.
1321 3790 1413 3855 XIII
1425 3790 1458 3855 in
1471 3788 1629 3854 Bohemia
1639 3791 1781 3872 scriptus
1793 3809 1801 3867 ;
1816 3790 1921 3854 edidit

417 3896 449 3976 J.
462 3895 637 3975 Belsheim,
649 3897 880 3975 christianiae,
899 3894 982 3978 1878
993 3921 1001 3974 ;
1025 3897 1205 3960 editionem
1229 3915 1304 3959 curn
1328 3894 1402 3977 ipso
1420 3893 1534 3958 codice
1554 3891 1696 3957 contulit
1715 3901 1750 3956 et
1772 3891 1921 3973 plurimis

417 3999 497 4063 locis
519 3999 664 4064 correxit
684 3999 730 4063 H.
754 3998 925 4078 Karisson,
950 3998 1167 4063 Holmiensis,
1224 3998 1433 4080 Europaicae
1455 3994 1599 4059 familiae
1622 4005 1672 4059 est
1696 4005 1729 4059 et
1756 3995 1860 4061 multa
1887 4007 1921 4061 et

415 4103 532 4186 grauia
547 4103 737 4167 testimonia
753 4102 862 4168 textui
881 4101 1088 4168 Occidentali
1110 4101 1215 4181 affert,
1237 4101 1314 4165 uide
1336 4099 1528 4182 praesertim
1552 4099 1671 4161 xxviii.
1692 4099 1730 4161 16
1753 4101 1921 4165 ‘centurio

417 4206 554 4271 tradidit
574 4205 740 4270 custodias
759 4205 898 4289 principi
919 4200 1189 4289 peregrinorum,’
1204 4213 1287 4281 etc.;
1313 4204 1366 4266 hic
1390 4202 1465 4277 illic,
1483 4210 1520 4264 ut
1541 4221 1635 4284 capp.
1653 4202 1782 4276 xi-xiii‚
1802 4223 1877 4266 cum
1897 4204 1924 4266 a'

416 4310 548 4393 saepius
572 4308 761 4376 concordat.
809 4309 862 4373 Ita
885 4318 975 4373 arcte
999 4328 1075 4372 cum
1102 4317 1198 4371 textu
1226 4327 1293 4390 quo
1320 4326 1399 4370 usus
1424 4315 1474 4370 est
1501 4303 1536 4368 S.
1558 4302 1690 4367 Lucifer
1714 4303 1920 4370 Calaritanus

417 4412 570 4478 cohaeret
591 4420 627 4475 ut
650 4412 814 4476 affirmare
833 4412 998 4495 possimus
1019 4409 1208 4477 Luciferum
1232 4409 1380 4473 eiusdem
1403 4416 1517 4472 textus
1537 4407 1686 4472 codicem
1707 4418 1784 4472 ante
1805 4409 1920 4473 oculos

417 4516 580 4581 habuisse.
626 4513 729 4599 Gigas
759 4536 838 4600 ergo
868 4526 980 4580 noster
1004 4515 1200 4596 exemplum
1232 4513 1368 4596 praebet
1394 4511 1555 4576 uersionis
1581 4509 1713 4574 saeculo
1739 4521 1859 4592 quarto
1886 4513 1919 4575 in

419 4619 515 4684 Italia
537 4628 571 4682 et
594 4618 748 4684 Sardinia
771 4619 922 4684 usitatae.
966 4618 1092 4683 Textui
1114 4636 1234 4701 graeco
1257 4615 1354 4700 longe
1377 4614 1592 4698 propinquior
1615 4622 1665 4676 est
1687 4633 1788 4695 quam
1811 4617 1920 4678 uersio

419 4722 692 4805 Hieronymiana,
715 4731 752 4786 ut
777 4723 942 4787 interdum
967 4722 1081 4787 doleas
1106 4721 1351 4803 Hieronymum
1380 4720 1488 4802 ipsum
1520 4718 1605 4781 hanc
1636 4717 1821 4781 uersionem
1852 4739 1919 4783 non

416 4825 616 4890 adhibuisse.

481 4926 514 4992 h.
537 4928 739 5012 Fragmenta
753 4927 1016 5013 Apocalypseos,
1029 4927 1178 4992 Actuum
1193 4926 1326 5009 Apost.,
1338 4925 1566 5008 Epistularum
1581 4922 1688 5002 cath,
1699 4923 1921 4990 Florzbcensia

418 5032 583 5115 rescripta,
598 5053 684 5098 nunc
708 5034 779 5097 Par.
803 5033 877 5097 Lat.
902 5033 987 5110 6400
1003 5045 1048 5110 G3
1071 5051 1156 5096 saec.
1173 5030 1243 5095 VII
1267 5030 1383 5094 litteris
1407 5029 1592 5095 uncialibus
1611 5038 1757 5093 exarata.
1803 5029 1919 5094 Edidit

418 5135 453 5203 S.
469 5138 593 5220 Bergcr
608 5134 670 5219 (Le
684 5137 885 5219 Palz'mpscst
895 5134 937 5201 de
950 5136 1081 5217 Fleury,
1098 5135 1198 5216 Paris,
1222 5133 1329 5219 1889).
1375 5134 1506 5199 Bonum
1522 5143 1573 5197 est
1591 5131 1786 5215 exemplum
1806 5141 1920 5199 textus

416 5238 639 5319 occidentalis,
672 5247 706 5304 et
740 5237 883 5305 familiae
915 5239 1097 5305 Africanae
1134 5238 1383 5321 antiquissimus
1419 5237 1524 5301 testis.
1574 5235 1752 5299 Habentur
1789 5247 1919 5302 tantum

416 5363 512 5426 capp.
536 5343 581 5407 iii.
604 5343 688 5408 2-iv.
713 5343 772 5421 18;
793 5364 824 5408 v.
847 5344 963 5430 23-vii.
990 5361 1029 5423 23
1053 5343 1108 5408 vii.
1126 5343 1257 5421 4a-viii.
1277 5359 1317 5422 23
1343 5342 1389 5405 ix.
1408 5359 1516 5425 4-23;
1539 5339 1606 5404 xiv.
1622 5355 1729 5424 5-23;
1752 5341 1831 5403 xvii.
1855 5359 1920 5423 34-

420 5446 509 5512 xviii.
528 5465 567 5528 19
578 5470 587 5523 ;
610 5446 703 5512 xxiii.
720 5446 826 5527 8-243
850 5447 942 5513 xxvi.
959 5447 1133 5511 ao—xxvii.
1152 5464 1202 5529 13.
